4822 6238
1094 415 1141 492 le

199 653 322 720 scilicet
340 653 522 719 Balduinus
544 653 731 738 prepositus
757 653 818 723 soti
836 652 936 718 Blasii
959 652 992 716 in
1011 651 1092 716 Bru·
1143 650 1351 718 habuerimus
1370 641 1403 716 in
1421 655 1566 735 presenti
1584 654 1634 718 vel
1651 655 1684 719 in
1702 653 1823 730 futuro,
1842 655 1907 720 sive
1927 654 2037 720 defen·

200 763 353 842 nesuich',
383 765 543 830 liebertus
567 764 607 830 de
631 763 812 847 Asseborg,
837 763 1028 828 Fredericus
1053 762 1093 826 de
1145 761 1260 842 dendo,
1290 766 1357 829 sive
1386 771 1520 846 treugas
1550 785 1608 830 seu
1631 767 1896 848 compositionem
1927 787 2038 850 accep-

199 876 372 959 Anrpelere
396 878 529 954 milites,
554 883 586 940 et
613 885 679 940 tres
704 861 743 939 ex
765 874 844 957 ipsis
868 874 1093 958 burgensibus,
1144 873 1261 951 tando,
1294 875 1453 940 stabimus
1483 875 1618 940 arbitrio
1643 878 1855 959 prefatorum.
1907 878 1939 942 Si
1962 893 2068 944 verce

201 988 351 1056 videlicet
367 988 526 1052 Ecbertus
545 987 584 1051 de
602 988 768 1068 cimiterio,
787 987 891 1052 David
908 987 1094 1052 Cronesben
1145 985 1297 1050 audictis
1316 1007 1374 1050 sen
1391 987 1507 1070 aliquis
1527 987 1712 1067 decesserit,
1732 995 1790 1054 aut
1806 990 1962 1054 interesse
1975 1001 2040 1054 nob
2102 1039 2106 1049 .

201 1105 234 1165 et
253 1098 452 1183 Thydericus
471 1097 670 1181 Thuringus‚
695 1120 777 1183 quos
795 1099 837 1163 ad
862 1093 922 1162 lioc
941 1099 1095 1181 elegimus
1145 1099 1276 1186 poterit,
1295 1119 1353 1163 nos
1372 1099 1443 1164 loco
1463 1097 1632 1181 burgensis
1651 1099 1829 1180 deficientis
1848 1101 1947 1165 alium
1966 1103 2041 1166 bur-

201 1216 232 1276 et
252 1211 487 1289 constituimus,
507 1211 708 1276 decreverint
720 1213 835 1276 merito
853 1210 1094 1292 acceptandam.
1146 1229 1277 1292 gensem
1307 1212 1339 1274 in
1363 1197 1569 1274 Bruneswicli
1595 1217 1791 1290 statuemus,
1822 1219 1855 1276 et
1881 1213 1943 1295 ipsi
1967 1213 2040 1277 bur·

175 1323 283 1388 sltem
304 1323 455 1387 omnibus
474 1319 529 1407 q'ui
553 1344 638 1386 nunc
657 1323 861 1388 inimicantur
879 1322 1095 1405 burgensibus
1145 1341 1262 1402 genses
1281 1321 1352 1388 loco
1370 1323 1476 1386 nostri
1495 1323 1669 1386 consiliarii
1687 1321 1865 1404 deficientis
1884 1326 1982 1388 alium
2001 1347 2041 1388 ex

202 1435 325 1500 nostris
351 1436 384 1498 in
411 1435 615 1516 Bruueswieb
643 1439 676 1499 et
701 1417 894 1500 inimicaturi
912 1434 1032 1498 fuerint
1050 1434 1095 1498 in·
1146 1434 1267 1496 nostris
1280 1433 1471 1498 consiliariis
1485 1434 1715 1516 subrogabunt.
1760 1436 1807 1500 Ne
1825 1443 1935 1500 autem
1953 1437 2092 1500 inter10

174 1545 406 1612 timicabimur
424 1546 513 1628 ipsos
532 1546 694 1610 hostiliter
712 1545 912 1610 invadentes.
941 1538 1096 1610 Preterea
1147 1551 1277 1608 nostros
1296 1545 1521 1610 ministeriales
1534 1553 1567 1610 et
1584 1548 1672 1628 ipsos
1691 1547 1869 1629 burgenses
1883 1547 2041 1612 dissensio

201 1659 229 1724 si
240 1661 348 1722 nostri
365 1657 509 1722 homines
529 1663 562 1722 et
578 1657 640 1740 ipsi
661 1657 900 1748 burgensesvel
919 1677 1029 1722 eorum
1044 1679 1096 1722 er·
1141 1657 1224 1720 oriri
1236 1658 1362 1750 possit,
1389 1640 1628 1724 aut'discordia
1646 1660 1812 1735 suscitari,
1832 1658 2042 1724 statuendum

200 1768 315 1854 migeri
340 1769 434 1834 simul
457 1770 491 1834 in
518 1769 587 1834 a‘cie
612 1770 738 1852 aliquos
763 1771 922 1851 ceperint,
951 1769 997 1834 illi
1020 1769 1096 1834 divi·
1148 1763 1296 1834 duximus
1317 1769 1404 1835 intra
1428 1789 1538 1834 muros
1557 1771 1763 1834 Brunesuieh
1786 1777 1933 1834 nostrum
1958 1791 2042 1834 mar-

201 1881 322 1946 dentur
341 1879 517 1944 'secundum
529 1899 704 1946 numerum
724 1885 933 1946 armatorum.
960 1881 993 1946 Si
1010 1882 1096 1964 prin-
1148 1881 1307 1956 sealcum,
1326 1881 1381 1962 qui
1401 1881 1532 1945 cuilibet
1555 1883 1681 1963 petenti
1700 1881 1739 1946 de
1759 1882 1879 1945 nostris
1898 1883 2042 1950 ministe-

202 1994 307 2075 cipem
333 1993 494 2074 capimus,
512 1991 551 2056 de
570 1991 656 2056 illius
675 1994 843 2058 exactione
867 2014 927 2057 nos
946 1993 1096 2058 tollemus
1148 1992 1281 2057 rialibus
1310 1993 1438 2075 plenam
1458 1993 1624 2075 justiciam
1648 1973 1822 2058 ordinabit.
1885 1993 2041 2059 Volumus
2057 2009 2091 2058 11

201 2103 283 2168 duas
307 2113 434 2187 partes,
458 2110 492 2168 et
514 2103 592 2173 dicti
617 2103 794 2186 burgenses
812 2106 943 2174 tertiam
967 2113 1096 2188 partem
1148 2103 1295 2170 similiter
1319 2104 1498 2186 burgenses
1522 2109 1653 2169 n'ostros
1667 2105 1712 2168 in
1735 2105 1941 2170 Bruneswich
1966 2125 2042 2193 conf

201 2215 329 2284 tollent.
353 2215 396 2278 Et
414 2216 442 2278 si
459 2235 543 2298 quos
555 2217 699 2298 captivos
718 2217 823 2280 nestri
840 2215 986 2281 homines
1005 2237 1104 2299 oepe-
1149 2216 1271 2280 servari
1293 2216 1326 2280 in
1345 2216 1438 2280 bonis
1456 2214 1680 2298 pheodelibus,
1700 2216 1892 2293 theoloneis,
1912 2227 1950 2282 a'c
1963 2217 2043 2300 juri·

199 2327 392 2412 rint-dictis
404 2327 620 2410 burgensibus
636 2333 670 2392 et
682 2327 826 2410 ipsorum
838 2330 934 2393 sociis
952 2327 1095 2392 absenti-
1148 2328 1216 2392 bus
1233 2327 1304 2392 aliis
1324 2328 1521 2412 quibuslibet
1544 2329 1633 2391 intra
1650 2345 1761 2392 muros
1781 2334 1817 2408 et
1833 2334 1941 2406 extra,
1967 2349 2041 2392 cum

199 2441 271 2520 bus,
292 2445 370 2504 sunt
387 2447 499 2506 nostro
515 2439 786 2522 usuispetialiter
802 2438 988 2523 deputandi.
1009 2441 1096 2516 Quos
1149 2439 1236 2504 omui
1249 2421 1454 2520 ‘plenitudiue
1473 2446 1507 2503 et
1527 2439 1717 2521 integritate
1736 2453 1800 2523 qua
1819 2442 1881 2522 ipsi
1900 2431 1938 2504 et¹
1951 2445 2041 2504 ante·

200 2573 278 2618 vero
297 2554 360 2636 ipsi
380 2554 448 2618 sine
466 2553 587 2616 nostris
606 2552 751 2634 ceperint
768 2552 928 2634 privatim,
947 2554 1014 2617 suis
1032 2553 1095 2618 usi·
1149 2570 1295 2615 cessores
1314 2550 1364 2615 sui
1380 2557 1566 2616 nostrorum
1582 2549 1849 2634 predeeessorum
1868 2551 2041 2616 illustrium

172 2664 263 2730 tbus
276 2663 492 2746 deputabunt.
513 2664 633 2729 Omnes
643 2671 775 2734 namtas
787 2665 964 2743 clausuras,
977 2671 1095 2742 castra,
1147 2663 1330 2746 principum
1348 2661 1548 2744 temporibus
1568 2666 1645 2726 suut
1664 2663 1781 2746 gavisi,
1801 2664 1967 2745 cupientes
1986 2655 2041 2726 e'os

199 2777 399 2840 munitiones
429 2782 463 2840 et
482 2775 583 2859 opida
609 2775 705 2840 dictis
729 2769 946 2858 burgensibus
975 2775 1096 2860 pande·
1148 2773 1291 2856 singulos
1320 2793 1359 2838 ac
1388 2767 1556 2840 universos
1584 2775 1721 2860 benigne
1751 2781 1785 2838 et
1813 2774 1953 2839 fideliter
1980 2791 2041 2855 pro

199 2881 326 2952 missin
349 2889 497 2954 omnibus
522 2890 588 2954 suis
612 2888 878 2968 necessitatibus,
896 2909 970 2954 eum
989 2887 1096 2970 requi·
1148 2891 1219 2951 toto
1238 2892 1351 2951 nostro
1375 2907 1472 2969 posse
1490 2887 1575 2950 tu'eri
1592 2887 1626 2950 in
1644 2887 1812 2966 omuibus,
1837 2893 1874 2950 ut
1893 2891 2041 2949 tenemur

200 3001 263 3066 siti·
275 3000 445 3080 fuerimus,
468 2999 519 3067 rel
537 3000 667 3084 quando
692 3000 795 3066 nostri
818 3000 969 3065 officiales
988 2977 1095 3082 requi·
1144 2975 1331 3082 juraipsius
1351 2999 1489 3063 civitatis
1501 2998 1709 3064 Brunesuich
1727 2998 1908 3075 meliorare,
1927 3017 2041 3062 manu·

172 3118 322 3177 ematur
345 3111 387 3176 ab
414 3112 503 3198 ipsis.
558 3112 694 3195 Insuper
724 3111 808 3176 dicte
832 3133 890 3177 sex
913 3123 1096 3194 persoue'a
1147 3099 1261 3175 ten‘ere
1282 3114 1316 3174 et
1332 3109 1473 3174 fideliter
1492 3130 1693 3176 conservare.
1743 3110 1782 3174 In
1800 3109 1896 3194 hujus
1914 3110 1961 3174 rei
1979 3109 2042 3173 eri·

200 3223 297 3290 nobis
321 3229 399 3288 sunt
423 3205 546 3289 adhoc
565 3224 756 3300 constitute,
782 3224 869 3312 quod
883 3239 998 3312 ¹eorum
1022 3243 1096 3288 exa·
1148 3203 1229 3286 dens
1252 3201 1473 3286 testimonium
1495 3227 1682 3304 presentem
1704 3222 1847 3287 litteram
1865 3221 1979 3287 nostro
1998 3221 2041 3286 si·

200 3337 281 3402 mini
299 3341 333 3406 et
351 3333 516 3400 dictamini
534 3335 692 3400 stabimus
709 3355 769 3400 nos
787 3343 821 3400 et
837 3337 906 3418 ipsi⁴
918 3335 1096 3419 burgenses
1149 3333 1224 3417 gillo
1243 3333 1392 3399 duximus
1411 3333 1626 3400 muniendam.
1647 3333 1762 3400 Testes
1775 3340 1851 3398 sunt
1864 3333 2042 3398 Balduinus
2079 3332 2084 3342 '

200 3449 234 3512 in
253 3427 385 3514 casibus
402 3447 634 3531 infrascriptis,
653 3447 777 3513 scilicet
794 3449 821 3512 si
838 3447 947 3531 aliqua
960 3448 1097 3512 munitio
1147 3447 1336 3528 prepositus
1346 3449 1408 3512 soti
1418 3419 1517 3512 illasii
1527 3447 1560 3512 iu
1572 3445 1788 3524 Brunesuioh,
1807 3445 1975 3510 Comedus
1987 3445 2041 3510 co·'

202 3567 303 3644 capte.
318 3556 430 3640 fuerit,
454 3581 497 3624 an
520 3559 580 3625 beo
602 3559 727 3626 destrui
752 3559 871 3626 debeat
894 3565 951 3624 aut
969 3579 1096 3624 conser—
1148 3539 1276 3623 mes'de
1294 3543 1521 3657 ⁸Woldenberg,
1540 3557 1698 3623 Ludolfus
1718 3557 1759 3622 de
1776 3556 1934 3634 Wenden,
1953 3555 2041 3622 Hen-

173 3673 286 3752 7rari,
311 3671 408 3738 dictis
433 3673 591 3754 stabimus
610 3671 796 3738 eorundem.
840 3669 924 3736 Item
942 3672 970 3735 si
987 3669 1097 3754 aliqua
1149 3671 1237 3750 ricus
1254 3669 1339 3735 tilius
1359 3681 1452 3752 suus,
1476 3669 1631 3736 Ludollus
1655 3669 1696 3735 de
1714 3669 1932 3752 Weverlinge,
1957 3667 2043 3732 Hen-

202 3785 342 3850 materia
366 3784 574 3850 dissensionis
599 3789 650 3849 est
667 3785 754 3848 inter
773 3803 833 3848 nos
856 3789 891 3848 et
913 3783 1002 3865 ipsos
1023 3783 1097 3847 bur·
1148 3781 1235 3848 ricus
1252 3781 1293 3848 de
1312 3757 1429 3862 Werle,
1449 3783 1608 3848 Eobertus
1627 3782 1668 3847 de
1680 3780 1872 3858 Asseborch,
1891 3775 2040 3846 Frederi·

203 3915 331 3979 gauses,
349 3900 409 3960 ent
419 3895 596 3979 burgenses
609 3901 644 3961 et
660 3901 791 3962 nostros
802 3895 1039 3973 mlnisterisles,
1059 3913 1097 3959 ec
1151 3915 1209 3960 eus
1234 3894 1274 3960 de
1301 3895 1490 3978 Ampeleve,
1514 3893 1671 3960 Ludolt'us
1697 3894 1737 3960 de
1759 3893 1905 3976 Honlage
1930 3897 1963 3957 et
1986 3891 2042 3957 Jo-

203 4007 346 4073 iasallos
365 4016 399 4086 ‚et
421 4009 511 4091 ipsos
529 4007 724 4091 burgenses,
748 4008 848 4092 velssin
866 3995 976 4072 frituro
996 4025 1099 4072 emer
1150 4006 1276 4071 munes
1300 4005 1340 4072 de
1358 4007 1497 4073 Uttesse
1526 4008 1645 4072 milites
1668 4006 1781 4073 nostri.
1837 4004 1958 4070 Datum
1981 4008 2042 4087 pet

204 4120 299 4198 serit,
322 4117 495 4204 predictis*
509 4139 565 4185 sex
590 4139 690 4202 supra
713 4119 770 4187 ills
793 4119 950 4203 sopienda
968 4119 1100 4202 plenum
1151 4139 1282 4183 manum
1300 4118 1446 4204 Bertoldi
1464 4119 1505 4184 da
1523 4117 1691 4201 Honleghe
1717 4119 1821 4183 nostri
1844 4117 1963 4182 notarii
1988 4137 2042 4182 ca·
2145 4195 2152 4218 ¹
2188 4167 2193 4174 .

203 4229 320 4298 mnus
338 4229 538 4312 mandatum,
557 4237 591 4296 et
608 4236 716 4296 ratum
734 4229 900 4296 bonafide
917 4231 1099 4296 tenebimus
1151 4232 1259 4296 nosici
1284 4233 1390 4297 sabcti
1409 4229 1510 4296 Blasii
1531 4232 1566 4296 in
1583 4229 1797 4308 aneswiob,
1816 4247 1902 4294 anno
1921 4219 2042 4294 domini

204 4343 274 4408 sine
316 4341 394 4408 dolo
437 4323 590 4427 quicquid
630 4344 898 4408 sententiaverint
931 4343 1097 4407 nominati.
1150 4321 1320 4408 millesimo
1344 4342 1565 4408 ducentesimo
1584 4343 1792 4424 nonagesimo
1811 4340 2041 4418 sextosunde·

177 4453 309 4525 sPorro
328 4455 357 4520 si
376 4471 448 4520 cum
474 4455 581 4538 aliquo
600 4455 746 4538 principe
765 4455 815 4519 vel
833 4451 995 4538 aliquibus
1012 4454 1098 4537 prin·
1151 4455 1235 4520 oimo
1253 4453 1323 4518 Kal.
1343 4453 1544 4521 Novembris.

206 4549 340 4650 cipibus,
359 4567 517 4632 eliseum
535 4566 607 4631 aliis
625 4565 880 4650 quibuscunque,
903 4566 1106 4663 discordiam¹
1434 4657 1441 4695 ἶ

347 4967 415 5034 xv.
457 4915 604 5044 senus
626 4967 714 5060 une
736 4955 937 5056 assedus
960 4967 1166 5036 seruulus
1189 4969 1277 5036 uun
1300 4967 1525 5036 senescet
1549 4966 1630 5042 utu,
1647 4967 1734 5032 nse
1757 4965 1903 5032 sranr.
1940 4993 1952 5010 .

1081 5093 1172 5156 1299.
1878 5079 1884 5094 '

337 5259 413 5343 Auf
430 5261 528 5326 auen
548 5255 818 5344 Pergameutblatte
836 5263 869 5326 tu
891 5262 959 5344 fot,
985 5261 1107 5327 welches
1130 5263 1213 5328 racbel
1236 5264 1331 5328 ciuem
1357 5241 1833 5345 damdaueommuituupeuderi
1856 5260 2046 5326 walachrie-

207 5361 307 5445 bcaea,
326 5363 400 5430 uber
416 5365 554 5428 liuiirteu
574 5361 678 5428 Blatte
695 5364 744 5428 ule
761 5359 1011 5448 Buebumsclulop
1028 5365 1140 5444 dicate,
1165 5367 1309 5430 eddeme
1329 5363 1413 5429 Herr
1430 5363 1863 5448 Kreisperictts·Itepistrutor
1884 5361 1963 5427 Suet
1986 5353 2045 5427 dus

207 5467 425 5532 mutumne
441 5463 633 5532 Bruclttir'et
650 5468 732 5532 eines
757 5465 805 5531 bis
827 5468 923 5532 dotia
949 5467 1154 5534 erubelcuuateu
1174 5467 1395 5550 Sdtaebriefea.
1440 5467 1594 5533 Dosselbe
1606 5467 1727 5551 depiant
1743 5467 1800 5530 mit
1817 5465 1872 5530 deu
1892 5470 2044 5529 ueterum
2129 5481 2131 5488 ’

207 5568 398 5638 ualuas
418 5569 474 5636 der
497 5569 685 5636 Vorderseite
708 5571 761 5636 des
778 5568 899 5638 Blottes'
914 5571 981 5636 und
996 5569 1070 5652 fidit
1084 5571 1133 5636 die
1149 5591 1245 5655 ponae
1264 5571 1438 5651 Remota·
1456 5573 1514 5638 dm
1533 5571 1639 5636 Rosam
1657 5591 1752 5634 aava·
1768 5557 1823 5632 der
1844 5565 1969 5631 Sctluss
1988 5563 2044 5632 der
2114 5565 2118 5578 '

328 5681 333 5688 .
562 5661 564 5674 =
1770 5665 1841 5717 ·'3*
