4792 6242
1084 389 1158 464 235
1267 389 1272 400 ’
1368 369 1373 400 ³
1550 363 1692 458 ‘'r''

209 625 545 701 indebitemolestari,
564 635 614 691 vel
633 627 679 690 eis
699 626 886 708 gravamina
903 646 960 690 seu
979 625 1097 690 damna
1150 631 1208 718 aut
1230 625 1356 708 abquos
1373 624 1461 690 ult'ra
1481 645 1579 690 unam
1603 621 1724 708 dietam
1746 647 1767 690 a
1790 625 1853 691 fine
1877 599 2045 694 dioceseos

209 738 256 802 vel
273 739 407 820 injuriae
425 739 572 822 irrogari,
590 738 709 810 facturi
727 737 822 803 dictis
839 737 1096 820 proconsulibus,
1127 737 1325 800 ,eorundem
1358 736 1490 834 trahere
1518 715 1723 820 presumant,
1752 737 1926 802 dummodo
1956 739 2043 807 ultra

211 851 409 928 consulibus,
434 829 690 946 uuiversitatiet
712 852 875 934 personis,
894 852 965 913 cum
989 849 1099 914 abeis
1149 846 1237 920 duas,
1257 848 1362 912 dietas
1387 849 1504 932 aliquis
1527 849 1724 914 auctoritate
1748 851 1949 932 presencium
1975 871 2044 934 non

165 1031 168 1040 ,
209 962 255 1026 vel
273 963 541 1044 procuratoribus
561 963 628 1027 suis
647 969 705 1026 aut
722 963 953 1055 eorumaliquo
971 961 1097 1031 fueritis
1149 959 1315 1038 trahatur,
1336 980 1393 1024 seu
1418 960 1506 1042 quod
1530 959 1570 1024 de
1588 961 1659 1025 aliis
1678 981 1776 1043 quam
1796 961 1835 1026 de
1861 962 2041 1028 manifestis

195 1073 368 1156 requisiti,
386 1073 427 1138 de
444 1073 616 1151 molestiis,
634 1074 759 1166 injuriis
777 1079 876 1156 atque
894 1072 1020 1138 damnis
1038 1071 1096 1137 bu·
1148 1071 1273 1153 injuriis
1291 1075 1325 1135 et
1342 1071 1505 1135 violenciis
1523 1077 1556 1136 et
1574 1073 1644 1136 aliis
1657 1093 1720 1155 que
1734 1073 1919 1155 judicialem
1932 1075 2040 1158 requi-

204 1184 345 1268 jusmodi
367 1184 573 1268 presentibus
593 1189 627 1248 et
651 1183 783 1262 futuris,
801 1185 834 1248 in
851 1184 913 1249 illis
931 1184 1096 1249 videlicet¹
1140 1187 1225 1248 ¹runt
1241 1182 1439 1266 indaginem,
1457 1183 1549 1265 penis
1572 1184 1679 1248 ineos
1699 1185 1726 1248 si
1751 1206 1844 1250 secus
1863 1186 1989 1267 egerint
2007 1193 2040 1250 et

208 1317 268 1380 que
282 1285 470 1378 judicialem
487 1296 657 1379 requirunt
674 1295 858 1379 indaginem
877 1267 1049 1360 summarie
1063 1299 1097 1360 et
1147 1294 1180 1358 in
1198 1293 1231 1359 id
1249 1299 1464 1377 procurantes
1482 1295 1632 1378 adjectis,
1652 1303 1896 1360 conservatores
1916 1319 1950 1360 se
1969 1297 2040 1362 nul-

206 1409 246 1473 de
270 1409 368 1492 plano
394 1409 462 1473 sine
481 1409 620 1491 strepitu
639 1412 673 1472 et
697 1406 802 1490 figura
822 1406 950 1490 judicii,
969 1408 1001 1472 in
1025 1409 1095 1472 a'liis
1147 1406 1276 1470 isterius
1303 1407 1540 1484 intromittant,
1569 1427 1665 1489 quam
1693 1407 1764 1472 aliis
1793 1406 2039 1492 quibuscunque

205 1541 281 1585 vero
300 1526 399 1602 prout
417 1518 557 1603 qualitas
575 1539 687 1584 eorum
699 1520 851 1602 exegerit,
865 1519 996 1602 justicie
1009 1541 1099 1585 com··
1148 1517 1436 1582 constitucionibus
1456 1539 1476 1581 a
1493 1517 1778 1612 predecessoribus
1796 1519 1916 1583 nostris
1935 1515 2057 1586 roma-⁸

204 1629 417 1716 piamentum,
436 1631 524 1696 dicta
539 1631 692 1696 fibertate
711 1631 929 1702 ecclesiastica
946 1632 979 1700 in
997 1631 1102 1696 omni·
1146 1631 1196 1696 uis
1210 1628 1418 1712 pontificibus
1430 1635 1498 1694 tam
1510 1628 1551 1694 de
1564 1629 1729 1711 judicibus
1748 1630 1906 1712 delegatis
1918 1637 1952 1695 et
1963 1652 2038 1695 con·
2061 1705 2067 1719 ,

204 1745 266 1826 bus
290 1765 418 1827 semper
434 1743 540 1822 salva,
560 1747 819 1826 presumptores,
836 1743 1044 1828 injuriatores
1063 1747 1096 1807 et
1147 1741 1377 1834 servatoribus,
1395 1762 1493 1824 quam
1515 1741 1662 1825 personis
1679 1742 1767 1806 ultra
1785 1747 1909 1806 certum
1927 1764 2040 1808 nume-

204 1857 432 1922 molestatores
466 1855 662 1940 hujusmodi·
683 1874 809 1920 necnon
837 1854 1094 1920 contradictores
1112 1900 1115 1906 -
1146 1875 1217 1918 rum
1231 1853 1440 1938 adjudicium
1457 1874 1521 1918 non
1536 1851 1699 1932 vocandis,
1711 1858 1769 1918 aut
1780 1853 1852 1920 aliis
1864 1853 1958 1924 editis
1975 1875 2038 1939 que

204 1967 369 2054 quoslibet
387 1974 421 2032 et
439 1968 585 2052 rebelles,
601 1969 820 2051 cujuscunque
840 1963 1014 2052 dignitatis,
1027 1971 1093 2034 sta·
1146 1971 1254 2030 vestre
1271 1971 1407 2049 possent
1423 1966 1456 2030 in
1476 1965 1538 2030 hac
1554 1971 1648 2048 parte
1667 1965 1885 2050 jurisdictioni
1903 1973 1961 2031 aut
1978 1973 2037 2050 pb·
2103 2027 2110 2042 ,

205 2087 267 2162 tus,
277 2079 409 2166 gradus,
418 2079 539 2145 ordinis
547 2080 598 2144 vel
606 2079 803 2145 condicionis
812 2081 987 2160 extiterint,
996 2101 1094 2163 quau·
1146 2078 1260 2176 testati
1278 2078 1412 2162 ejusque
1430 2077 1532 2144 libero
1552 2078 1710 2148 exercicio
1724 2078 1967 2162 quomodolibet
1979 2079 2036 2145 ob·

202 2193 374 2276 docunque
385 2197 418 2258 et
430 2193 710 2276 quocienscunque
723 2191 911 2277 expedierit,
920 2169 1094 2258 auctorita·
1146 2191 1249 2270 viare,
1268 2210 1326 2255 seu
1345 2191 1372 2255 si
1389 2190 1550 2273 aliquibus
1573 2167 1788 2256 commuuiter
1804 2191 1854 2255 vel
1872 2189 1998 2256 divisim
2017 2213 2037 2257 a
2121 2245 2126 2258 ,

202 2309 357 2370 tenostra
367 2325 427 2386 per
434 2305 862 2370 censuramecclesiastioam
871 2304 1093 2387 appellacione
1145 2300 1295 2385 predicta
1311 2303 1354 2366 sit
1371 2303 1448 2367 sede
1466 2301 1637 2383 indultum,
1657 2301 1745 2384 quod
1757 2304 2038 2386 excommunicari,

202 2401 641 2502 postpositacompcscendo,
653 2415 804 2480 invocato
822 2414 955 2481 adhoo²
973 2416 1000 2480 si
1013 2435 1094 2499 opus
1147 2413 1317 2498 suspendi,
1336 2414 1387 2478 vel
1409 2414 1471 2504 ipsi
1498 2419 1532 2478 et
1551 2435 1663 2478 eorum
1687 2413 1759 2478 loca
1777 2415 1878 2478 eciam
1901 2435 1961 2496 pro
1980 2437 2037 2500 pe·

206 2528 303 2618 luerit
321 2528 439 2592 auxilio
453 2526 752 2592 brachiisecularis.
783 2526 933 2592 Ceterum
947 2529 975 2592 si
983 2527 1094 2593 forsan
1147 2527 1291 2592 suniario
1311 2525 1421 2591 debito
1439 2515 1598 2611 interdici,
1618 2547 1675 2591 seu
1694 2531 1791 2590 extra
1805 2525 1856 2590 vel
1873 2527 1960 2590 ultra
1971 2547 2039 2592 cer-

204 2625 476 2724 presumptorum,
488 2639 735 2704 molestatorum
753 2643 787 2706 et
802 2640 1028 2724 injuriatorum
1042 2660 1093 2705 eo·
1146 2643 1183 2702 ta
1198 2639 1272 2703 loca
1290 2638 1333 2704 ad
1350 2636 1508 2722 judicium
1527 2639 1654 2702 evocari
1671 2659 1736 2704 non
1758 2637 1886 2721 possint
1908 2658 1968 2720 per
1984 2627 2058 2702 lit-'

205 2752 341 2818 cundem
351 2751 531 2834 presencia,
548 2771 608 2834 pro
621 2751 841 2830 citationibus,
860 2752 1094 2818 monioionibus
1144 2755 1233 2816 teras
1252 2750 1449 2834 apostolicas
1466 2769 1532 2813 non
1549 2749 1703 2814 facientes
1717 2749 1892 2833 plenumst
1906 2737 2039 2832 expres·
2092 2813 2096 2824 ,

148 2943 151 2950 Δ
204 2869 236 2930 et
253 2862 524 2948 requisicionibus
542 2882 601 2946 per
618 2883 675 2926 vos
687 2861 727 2926 de
742 2863 821 2946 ipsis
836 2847 1000 2950 faciendis,
1013 2869 1094 2954 tute,
1146 2881 1215 2926 sam
1233 2883 1272 2926 ao
1290 2841 1330 2925 de
1347 2861 1445 2926 verbo
1459 2860 1502 2925 ad
1514 2862 1648 2926 verbum
1659 2859 1699 2924 de
1714 2859 1840 2924 indulto
1852 2861 2050 2946 hujusmodi⁴
2117 2925 2122 2938 ,

204 2997 315 3041 sectare
334 2975 385 3040 vel
405 2974 573 3058 commode
591 2973 721 3038 haberi⁸
738 2977 897 3060 nequiret,
915 2997 975 3040 nos
993 2975 1094 3058 vobis,
1146 2979 1309 3039 eteorum
1330 2975 1487 3058 personis,
1506 2973 1596 3052 locis,
1611 2971 1784 3038 ordinibus
1803 2977 1837 3036 et
1854 2972 2039 3038 nominibus

203 3088 344 3154 constito
371 3085 411 3151 de
435 3107 500 3151 non
524 3091 595 3150 tuto
619 3087 975 3168 accessu,citaciones,
993 3088 1095 3152 moni·
1144 3086 1285 3170 propriis
1302 3071 1516 3164 mencionem,
1536 3090 1569 3149 et
1587 3083 1733 3170 qualibet
1750 3085 1815 3149 alia
1832 3085 2039 3168 indulgencia

203 3200 311 3266 ciones
330 3203 365 3262 et
381 3199 612 3281 requisiciones
631 3196 817 3294 hujusmodi
835 3221 894 3282 per
912 3199 1018 3266 edicta
1035 3221 1094 3283 pq·
1146 3196 1232 3263 dicte
1252 3197 1338 3263 sedis
1357 3198 1500 3284 generali
1517 3197 1568 3288 vel
1586 3197 1734 3286 speciali,
1752 3197 1970 3280 cujuscunque
1988 3201 2038 3260 te·

201 3313 286 3378 blica
303 3311 385 3376 locis
403 3309 563 3394 affigenda
579 3308 727 3392 publicis,
746 3310 785 3375 de
801 3311 918 3395 quibus
932 3313 974 3377 sit
986 3313 1094 3378 verisi-
1145 3295 1234 3376 noris
1253 3311 1388 3400 existat,
1407 3331 1466 3394 per
1484 3331 1581 3392 quam
1598 3301 1805 3404 presentibus
1823 3328 1888 3371 non
1906 3327 2038 3392 expres·

207 3424 291 3489 milis
321 3421 523 3508 conjectura,
548 3421 635 3504 qnod
664 3421 705 3486 ad
733 3422 886 3488 noticiam
903 3413 1094 3505 citatorum,
1145 3443 1216 3488 sam
1233 3423 1284 3490 vel
1301 3423 1448 3488 totaliter
1465 3443 1530 3485 uon
1547 3422 1705 3486 insertam
1721 3427 1829 3486 vestre
1843 3419 2040 3503 jurisdictio-

202 3529 399 3601 monitorum
418 3540 452 3598 et
473 3533 703 3617 requisitorum
724 3521 908 3618 hujusmodi
926 3537 1094 3619 pervenire
1145 3536 1196 3601 nis
1213 3535 1392 3628 explicatio
1416 3535 1449 3602 iu
1475 3533 1536 3600 bac
1552 3537 1647 3616 parte
1665 3531 1773 3598 valeat
1796 3528 2041 3615 quomodolibet

202 3625 347 3725 valeant,
370 3645 509 3711 faciendi
526 3646 656 3729 plenam
674 3650 708 3710 et
731 3645 866 3711 liberam
890 3647 1095 3714 concedimus
1145 3647 1309 3732 impediri,
1328 3651 1362 3712 et
1379 3646 1420 3712 de
1438 3668 1504 3730 qua
1521 3647 1678 3730 cujusque
1695 3649 1767 3711 toto
1781 3651 1894 3710 tenore
1907 3643 1950 3710 de
1966 3662 2038 3706 ver·

203 3763 317 3824 tenore
335 3758 540 3841 presencium
557 3733 766 3841 potestatem,
783 3759 930 3824 volentes
948 3761 1035 3842 quod
1053 3761 1095 3825 ci·
1146 3760 1189 3826 bo
1204 3751 1392 3827 adverbum
1405 3759 1533 3840 mencio
1546 3757 1698 3824 habenda
1709 3756 1753 3822 sit
1770 3757 1803 3821 in
1813 3739 1935 3822 nostris
1951 3749 2039 3820 litte-

203 3871 365 3950 taciones,
388 3870 591 3935 monicioues·
604 3874 637 3934 et
659 3870 888 3953 requisiciories
913 3871 1097 3955 hujusmodi
1147 3874 1194 3939 ris
1213 3873 1372 3957 specialis.
1397 3871 1549 3954 Ceterum
1564 3870 1711 3935 volumus
1726 3867 2039 3952 et'apostolicaauc·

201 3983 337 4065 perinde
359 3984 449 4064 ipsos
474 3983 606 4061 citatos,
635 3981 776 4046 monitos
800 3988 833 4047 et
850 3985 1031 4066 requisitos
1059 3988 1097 4047 ut
1147 3987 1282 4050 toritate
1294 3983 1506 4062 decernimus,
1518 3981 1607 4066 quod
1622 3981 1758 4066 quilibet
1769 3983 1914 4046 vestrum
1926 3999 2040 4063 prose·

201 4096 402 4176 premittitur
426 4098 580 4173 arctent,⁴
599 4103 637 4159 a‘c
661 4094 688 4159 si
714 4094 760 4158 eis
778 4093 864 4160 facte
883 4099 917 4159 et
933 4071 1105 4161 insinuate·
1147 4095 1522 4180 quivaleatarotioulum
1536 4095 1638 4164 eciam
1655 4092 1827 4176 paralium
1841 4091 2040 4171 inchoatum,

201 4206 448 4288 presencialiter
467 4212 500 4268 et
517 4189 734 4288 personaliter
746 4206 940 4288 extitissent,
958 4227 1023 4272 non
1038 4205 1096 4272 ob·
1147 4209 1293 4294 quamvis
1311 4208 1396 4272 idem
1413 4206 1569 4274 inchoans
1588 4207 1676 4272 nullo
1695 4203 1793 4269 fuerit
1809 4201 2038 4286 impedimento

204 4317 370 4384 stantibus
394 4323 462 4381 tarn
486 4317 845 4383 felicisrecordacionis
864 4304 1020 4384 bonifacii
1036 4338 1095 4400 pa·
1147 4323 1302 4388 canonico
1320 4319 1519 4404 prepeditus,
1538 4304 1689 4403 quodque
1707 4315 1823 4385 adato
1836 4311 2040 4401 presencium

182 4425 243 4510 'pe
261 4451 324 4522 vuJ,
349 4428 451 4526 eciam
474 4423 714 4526 predecessoris
735 4431 848 4508 nostri,
867 4429 986 4514 quibus
1002 4451 1095 4496 cave·
1148 4433 1191 4499 sit
1207 4432 1298 4499 vobis
1322 4437 1357 4498 ct
1373 4428 1546 4525 unicuique
1562 4435 1707 4510 vestrum
1729 4429 1763 4494 in
1785 4427 1951 4511 premissis
1970 4448 2055 4498 oms
2091 4505 2093 4510 Ι

202 4545 270 4620 tur,
288 4562 330 4606 ne
349 4540 465 4623 aliquis
484 4547 579 4606 extra
596 4562 688 4607 suam
707 4542 872 4608 civitatem
896 4548 930 4608 et
952 4519 1095 4608 diocesin
1146 4546 1241 4612 nibus
1260 4547 1419 4626 eteorum
1436 4545 1579 4627 singulis,
1597 4542 1822 4626 ceptisetnon
1836 4539 1948 4622 ceptis,
1966 4560 2040 4623 pre·

202 4653 266 4717 nisi
294 4653 452 4722 in'certis
475 4654 619 4736 exceptis
648 4654 786 4734 casibus,
813 4659 847 4718 et
870 4655 984 4721 inillis
1007 4656 1096 4724 ultra
1147 4657 1293 4724 sentibus
1324 4663 1358 4722 et
1380 4657 1511 4738 futuris,
1537 4659 1735 4740 perpetuata
1757 4657 1906 4736 potestas
1929 4656 1963 4717 et
1986 4652 2040 4736 ju-

202 4785 301 4832 unam
326 4763 449 4829 dietam
475 4765 580 4829 atine
606 4786 663 4831 sue
691 4765 856 4832 dioceseos
875 4767 917 4832 ad
938 4768 1095 4852 judicium
1146 4769 1293 4836 risdiotio
1311 4770 1488 4848 attributa,
1505 4774 1546 4832 ut
1562 4787 1600 4833 eo
1623 4768 1733 4851 vigore
1759 4785 1863 4850 eaque
1885 4763 2040 4830 firmitate

203 4880 365 4956 evocetur,
377 4896 444 4950 ‚seu
464 4897 505 4942 ne
518 4876 644 4960 judices
663 4883 697 4942 et
717 4885 963 4944 conservatores
981 4879 1095 4946 assde
1146 4863 1280 4965 posiitis
1297 4883 1330 4949 in
1347 4881 1512 4970 premissis
1531 4879 1689 4958 omnibus,
1708 4878 1810 4961 ceptis
1830 4880 1863 4942 et
1880 4897 1947 4941 non
1965 4897 2040 4960 oep-

203 4987 354 5070 predicta
379 4987 529 5071 deputati
547 4993 641 5054 extra
665 4989 828 5078 civitatem
847 4996 881 5055 et
901 4990 1045 5058 diocesin
1061 4993 1096 5058 in
1149 4994 1207 5076 tis,
1224 4985 1429 5078 presentibus
1448 4997 1482 5058 et
1499 4991 1632 5072 futuris,
1651 4991 1690 5056 et'
1702 5010 1761 5075 pro
1783 4965 1941 5073 predictis
1966 5009 2041 5073 pro·

205 5097 324 5182 quibus
343 5098 493 5183 deputati
510 5095 639 5179 luerint,
657 5106 773 5168 contra
791 5122 1000 5188 quoscunque
1022 5125 1096 5187 pro·
1150 5106 1276 5187 cedere,
1294 5127 1333 5172 ao
1351 5107 1379 5172 si
1394 5105 1543 5189 predicta
1560 5103 1668 5171 omnia
1681 5107 1714 5168 et
1727 5103 1854 5186 singula
1866 5117 2042 5176 coramve-

206 5210 339 5292 cedere,
358 5201 424 5278 sive
442 5211 497 5278 alii
519 5206 569 5276 vel
591 5194 662 5276 aliis
680 5213 765 5278 vices
790 5233 866 5280 suas
885 5218 1097 5298 committere,
1149 5218 1200 5292 bis
1214 5207 1320 5303 copta·
1336 5198 1527 5284 tusscut'et
1544 5215 1727 5302 jurisdictio
1750 5219 1861 5298 vestra
1881 5220 1915 5280 et
1934 5213 2040 5296 cujus·
2109 5261 2112 5268 .

206 5405 481 5419 mmm-q*
485 5407 617 5414 -a--a—--u

203 5546 232 5612 1)
252 5545 467 5614 videlicet'sellt
572 5547 604 5622 2)1
638 5549 697 5606 hec.
801 5550 831 5618 3)
852 5552 933 5608 Nact
951 5553 1010 5607 dem
1033 5551 1234 5623 stauarumpte,
1252 5555 1289 5608 im
1308 5553 1489 5623 Gopialbudu
1505 5553 1552 5608 das
1571 5553 1661 5610 Ratis
1678 5554 1836 5686 babereqo*
1890 5547 1919 5614 4)
1939 5553 2043 5602 arem
