4792 6242
1262 389 1340 464 244

249 697 253 702 ,
387 627 483 692 clesie
506 629 618 691 sancte
636 624 737 690 Marie
761 624 1031 711 Hamburgensis,
1048 625 1276 709 Maguntineu·
1328 627 1361 692 in
1379 624 1564 712 hujusmodi
1588 625 1839 691 conservatoriis
1860 625 1979 692 litteris
2003 630 2115 711 apponi
2131 653 2197 699 con·

384 739 438 820 sis,
455 735 742 804 Halberstsdensis
762 741 796 802 et
813 737 996 803 Bremensis
1014 737 1198 817 diocesim,
1218 759 1278 821 per
1329 742 1514 816 sueverunt,
1533 742 1592 802 aut
1609 737 1689 803 alias
1708 757 1917 821 quascunque
1936 743 1969 802 ot
1982 735 2198 821 quattumcuu-

386 850 529 934 reliquas
550 870 627 939 suas
644 848 772 914 litteras
797 850 883 916 inter
899 850 963 915 alia
983 848 1074 930 dedit
1092 850 1125 914 in
1142 849 1282 916 manda·'
1330 868 1392 934 que
1411 849 1565 927 efficaces,
1584 850 1682 915 etiam
1700 870 1763 933 que
1781 849 1963 934 hujusmodi
1980 852 2139 933 spatialem
2151 873 2198 920 ex·

382 963 435 1041 tis,
454 978 485 1027 ut
501 972 554 1043 ipsi
570 971 612 1026 vel
630 969 683 1026 duo
698 978 745 1026 aut
761 987 831 1026 unus
842 988 941 1044 eorum,
958 973 1038 1027 etiam
1057 972 1277 1028 siessent-extra
1328 963 1529 1045 pressionem
1552 967 1586 1026 et
1610 961 1792 1044 specificam
1822 963 1999 1044 importare
2021 953 2200 1049 viderentur,

383 1084 445 1140 loca
462 1086 490 1138 in
509 1083 606 1154 quibus
624 1089 701 1138 erant
718 1081 841 1153 deputati
853 1090 1055 1140 conservatores
1068 1091 1096 1140 et
1106 1083 1218 1156 judices,
1230 1101 1275 1139 vo·
1328 1094 1493 1158 nunquam
1511 1074 1635 1140 censeri
1654 1073 1854 1157 derogatum,
1872 1075 2067 1140 auctoritato
2084 1082 2201 1160 aposto·

382 1198 424 1252 bis
435 1194 1294 1272 efficacicdeiensionispresidicasdstenteanonpermitterent,p
1327 1185 1391 1251 lica
1417 1185 1617 1268 presentium
1639 1189 1756 1251 tenore
1781 1184 2000 1269 declaramus,
2027 1189 2130 1272 sicque
2149 1211 2202 1273 per

372 1309 482 1364 vocab
505 1308 558 1362 iilis
576 1323 608 1362 ac
631 1307 833 1377 quibuscunque
851 1307 909 1362 aliis
931 1313 1026 1364 conae
1047 1306 1151 1363 indulta
1168 1314 1195 1363 et
1212 1297 1276 1363 cun·
1328 1315 1537 1394 quoscunque
1556 1289 1723 1364 auditores
1743 1279 1776 1362 et
1796 1297 1923 1383 judices
1947 1303 2015 1364 tam
2031 1299 2065 1364 in
2082 1321 2203 1368 romana

380 1419 558 1486 mationem
575 1417 730 1490 hujusmodi
747 1423 825 1492 extqa
847 1417 951 1474 dictum
964 1419 1073 1488 cpidum
1090 1413 1126 1474 ud
1144 1418 1275 1488 judicium
1327 1409 1417 1475 curia
1443 1431 1540 1493 quam
1566 1405 1661 1476 extra
1678 1431 1750 1476 eam
1774 1412 1807 1475 in
1833 1409 2000 1494 quibusvis
2025 1411 2125 1476 causis
2141 1433 2202 1478 mo·

383 1533 490 1588 evocari
515 1547 562 1586 seu
586 1531 652 1591 elias
674 1529 792 1586 indebite
816 1529 966 1601 molestari,
990 1525 1023 1586 et
1041 1520 1105 1586 alia
1122 1525 1200 1585 tunc
1218 1540 1274 1584 ex·
1326 1521 1439 1588 vendis
1458 1523 1669 1606 interpretari
1687 1527 1721 1598 et
1730 1521 1874 1607 judicari
1887 1519 2017 1604 debere,
2030 1521 2203 1596 sublataeis

382 1653 500 1726 pressa
516 1632 676 1712 facerent,
694 1636 794 1716 prout
810 1632 843 1696 in
862 1631 995 1716 singulis
1012 1629 1131 1698 litteris
1149 1631 1273 1714 predic·
1327 1637 1360 1698 et
1377 1634 1518 1726 ¹cuilibet
1536 1655 1647 1700 eorum
1673 1636 1786 1718 quavis
1804 1634 1869 1700 alia
1891 1633 2125 1718 interpretandi
2146 1635 2205 1700 sive

381 1747 425 1812 tis
448 1746 576 1830 plenius
595 1745 791 1812 continetur.
832 1742 914 1810 Cum
931 1748 1044 1818 ,autem
1067 1751 1143 1828 post
1161 1744 1274 1810 datum
1321 1723 1490 1829 judicandi
1514 1745 1740 1812 facultatavel
1757 1747 1966 1814 auctoritate.
2010 1746 2137 1811 Necnon
2152 1758 2203 1812 irri-

379 1859 563 1925 littcrarum
586 1854 809 1940 predictarum
833 1855 949 1922 asede
974 1856 1125 1940 predicta
1148 1855 1273 1922 diverse
1325 1874 1383 1922 tum
1401 1875 1428 1922 et
1445 1869 1524 1924 mane
1541 1867 1668 1937 quicquid
1685 1879 1763 1924 secus
1776 1869 1918 1938 contigerit
1933 1869 2087 1948 attemptari
2102 1857 2205 1924 eadem
2295 1920 2299 1930 .

380 1970 490 2036 littere
516 1967 757 2035 conservatoris
780 1973 967 2052 nuncupate
984 1988 1044 2051 pro
1064 1968 1198 2034 diversis
1221 1989 1272 2034 ac·
1326 1970 1525 2036 auctoritate
1543 1969 1763 2048 decernimus,
1782 1969 1967 2054 eisdemque
1979 1969 2159 2040 *abbatibus
2175 1974 2206 2034 et

381 2081 488 2147 clesiis
502 2085 536 2146 et
548 2079 775 2146 ecclesiasticis
787 2080 936 2163 personis
952 2101 1025 2146 oum
1038 2079 1173 2145 diversis
1187 2080 1273 2144 clau·
1326 2080 1515 2164 docauopar
1526 2082 1709 2165 apostolica
1720 2081 2052 2166 scriptamandamus,
2066 2081 2205 2165 quatinus

380 2193 460 2258 aulis
479 2197 514 2258 et
531 2191 796 2274 derogationibus
813 2192 847 2256 in
866 2193 912 2257 eis
928 2193 1091 2257 contentis
1105 2211 1272 2258 emanave·
1323 2193 1387 2276 ipsi
1404 2193 1456 2258 vel
1473 2193 1537 2258 due
1555 2198 1615 2259 aut
1633 2215 1716 2258 unus
1734 2213 1917 2277 eorumper
1931 2207 1966 2260 s‘e
1980 2193 2033 2259 vel
2047 2193 2141 2258 alitum
2154 2212 2206 2258 seu

378 2307 445 2370 rint
463 2309 497 2370 et
515 2303 660 2388 quotidie
678 2307 845 2385 emanent,
858 2309 900 2385 et,
922 2291 1007 2369 sicut
1021 2303 1165 2369 exhibita
1177 2304 1271 2370 nobis
1324 2305 1405 2370 alios
1427 2306 1587 2394 premissa
1604 2305 1675 2384 ubi,
1697 2306 1826 2389 qnando
1845 2312 1879 2371 et
1897 2307 2049 2389 quotiens
2066 2303 2206 2388 expedire

376 2436 481 2500 nuper
497 2435 558 2499 pro
574 2421 671 2499 parte
689 2420 802 2480 vestra
818 2416 934 2499 petitio
948 2397 1146 2502 continebat,
1158 2437 1179 2481 a
1190 2436 1270 2481 non·
1324 2419 1544 2500 cognoverint,
1555 2417 1740 2501 fuerintque
1753 2417 1895 2501 desuper
1907 2418 2050 2502 legitime
2063 2415 2206 2501 requisiti,

374 2513 473 2594 nullis
491 2532 670 2607 asseratur,
690 2527 854 2593 concessis
872 2527 964 2593 vobis
982 2527 1101 2593 litteris
1115 2528 1270 2611 predictis
1324 2525 1523 2594 sollemniter
1540 2529 1746 2612 publicantes
1764 2550 1829 2595 non
1847 2531 2051 2613 permittant,
2071 2549 2125 2594 vos
2140 2547 2206 2594 con·

378 2661 438 2725 per
455 2639 588 2706 easdem
604 2639 733 2706 litteras
757 2639 1015 2706 conservatorias
1033 2661 1096 2723 que
1115 2641 1162 2708 sic
1178 2645 1271 2724 post·
1322 2646 1376 2706 tra
1387 2641 1548 2708 dictarum
1559 2640 1743 2708 litterarum
1755 2663 1794 2708 ac
1807 2641 2039 2728 declarationis
2052 2647 2085 2708 et
2096 2640 2209 2706 decreti

373 2752 509 2818 modum
533 2756 728 2818 emanarunt
757 2751 952 2818 sufficienter
976 2750 1167 2836 derogatum
1191 2751 1271 2832 fore,
1306 2749 1429 2819 'nostri
1451 2751 1644 2837 hujusmodi
1659 2759 1807 2828 tenorem
1826 2759 1920 2820 extra
1937 2754 2072 2838 opidum
2093 2749 2207 2836 predic-

378 2884 504 2948 vosque
515 2864 651 2959 illarum
668 2867 822 2948 pretextu
841 2867 935 2929 extra
947 2863 1078 2946 opidum
1090 2864 1272 2949 predictum
1323 2871 1393 2945 tum
1411 2865 1498 2930 trahi
1511 2886 1574 2931 seu
1592 2866 1673 2932 alias
1692 2865 1937 2950 quomodolibet
1954 2865 2130 2944 molestari,
2142 2883 2208 2928 con·

376 2976 467 3042 trahi
484 2996 598 3060 posse:
617 2996 677 3058 pro
695 2981 791 3059 parte
808 2979 920 3041 vestra
936 2975 1030 3042 nobis
1042 2975 1104 3041 fuit
1111 2976 1273 3042 humiliter
1324 2977 1521 3044 tradiciones
1543 2997 1602 3060 per
1625 2998 1796 3058 censuram
1825 2977 2083 3044 ecclesiasticam
2094 2972 2208 3060 ‚appel-

335 3142 339 3151 .
384 3087 612 3172 supplicatum,
626 3085 768 3171 utquod
786 3108 845 3171 per
856 3087 1044 3172 hujusmodi
1055 3087 1183 3154 litteras
1201 3089 1273 3154 aliis
1325 3090 1448 3154 latione
1465 3089 1650 3173 postposita
1663 3089 1907 3172 compescendo,
1926 3110 1993 3156 non
2011 3085 2209 3155 obstantibus

378 3219 556 3266 concessas
574 3203 608 3264 et
623 3219 706 3283 quas
719 3198 853 3266 concedi
867 3201 1071 3283 contingeret
1084 3200 1276 3273 infuturum
1326 3201 1494 3285 premissis
1519 3222 1558 3267 ac
1588 3199 1876 3268 constitutionibus
1900 3205 1933 3266 et
1957 3199 2209 3268 ordinationibus

349 3345 353 3356 v
377 3315 473 3378 extra
490 3310 621 3394 opidum
634 3310 818 3394 predictum
831 3311 918 3377 trabi
930 3332 995 3378 non
1006 3312 1149 3396 possitis,
1168 3310 1276 3378 decla·
1328 3313 1525 3397 apostolicis,
1541 3315 1670 3380 necnon
1689 3311 1837 3378 omuibus
1854 3313 1917 3378 illis
1931 3333 1996 3397 que
2009 3311 2209 3396 predecesso-

376 3444 462 3505 rare,
479 3423 625 3507 aliasque
646 3424 680 3488 in
698 3409 864 3507 premissis
882 3424 974 3490 vobis
992 3429 1152 3507 oportune
1169 3424 1274 3508 provi-
1325 3445 1379 3490 res
1397 3425 1503 3491 nostri
1518 3423 1638 3515 prefati
1655 3425 1688 3490 in
1706 3425 1773 3490 suis
1795 3424 1914 3490 litteris
1932 3423 2092 3509 predictis
2110 3421 2210 3488 volue-

377 3534 454 3602 dere
475 3534 517 3606 dc
535 3535 737 3620 benignitate
755 3536 936 3620 apostolica
956 3535 1174 3620 dignaremur.
1203 3535 1271 3601 Nos
1324 3542 1403 3602 runt
1425 3557 1490 3606 non
1515 3537 1662 3626 obstare,
1687 3537 1869 3620 ceterisque
1882 3537 2065 3614 contradis
2088 3533 2211 3620 quibus·

380 3646 480 3732 igitur
497 3646 540 3712 ad
559 3667 641 3731 quos
659 3651 788 3731 spectat
801 3628 1278 3732 ι1ιιὶιίιιΙίιιιιιιιιιιιιιΙιιιῄιιειιιο»Ι
1324 3671 1460 3744 cunque.
1489 3649 1576 3714 Nulli
1594 3668 1671 3734 ergo
1691 3650 1819 3714 omnino
1837 3649 2004 3714 hominum
2017 3647 2212 3726 beesthara

378 3760 411 3825 di
428 3761 655 3844 interpretari,
674 3759 766 3826 vobis
791 3759 947 3826 adversus
970 3759 1155 3843 hujusmodi
1178 3758 1271 3834 dubif
1322 3763 1476 3846 paginam
1494 3757 1605 3828 nostre
1624 3761 1863 3842 declarationis,
1882 3760 2010 3827 decreti
2023 3765 2058 3826 et
2074 3756 2212 3836 mandati

379 3873 523 3960 tationes
543 3871 653 3956 quoad
670 3872 781 3938 lutura
797 3871 967 3957 providere
984 3873 1141 3952 volentes,
1162 3872 1272 3957 hujus·
1304 3853 1503 3959 ¹infringere
1527 3874 1579 3940 vel
1603 3875 1634 3939 ei
1659 3893 1742 3939 ausu
1766 3873 1940 3938 temerario
1966 3872 2141 3939 contraire.
2183 3866 2223 3932 si·

379 3985 469 4070 modi
481 3983 773 4069 supplicationibus
787 3984 941 4066 inclinati,
951 3967 1011 4068 per
1024 3984 1209 4069 hujusmodi
1221 3985 1272 4050 lit·
1325 3987 1399 4070 quis
1417 3990 1527 4052 autem
1551 3986 1614 4051 hoc
1632 3989 1830 4078 attemptare
1846 3985 2101 4069 presumpserit,
2118 3979 2214 4064 indig-

380 4101 469 4163 taras
489 4097 765 4178 conservatorias,
784 4097 1024 4182 qualescunque
1049 4097 1129 4177 sint,
1147 4103 1181 4162 et
1196 4117 1272 4164 con·
1323 4098 1489 4164 nationem
1508 4097 1741 4182 omnipotentis
1757 4095 1810 4162 dei
1828 4117 1866 4163 ac
1884 4098 2059 4164 beatorum
2078 4090 2165 4162 Petri
2179 4096 2210 4157 et

379 4214 488 4275 tentas
512 4210 547 4276 in
572 4210 619 4276 eis
638 4209 801 4276 clausulas
826 4191 980 4292 spetiales
1004 4215 1038 4274 et
1061 4210 1211 4277 insolitas
1234 4230 1273 4276 ac
1323 4209 1416 4276 Pauli
1439 4186 1663 4293 apostolorum
1688 4209 1757 4292 ejus
1780 4230 1815 4276 se
1841 4211 1969 4276 noverit
1999 4211 2209 4275 incursurum.

356 4365 358 4372 ,
379 4326 667 4406 quantumcunque
685 4321 830 4400 efficaces
853 4321 973 4387 litteris
992 4325 1026 4386 et
1046 4321 1181 4387 indultis
1198 4341 1272 4405 pre·
1323 4321 1444 4388 Datum
1469 4321 1586 4402 Rome,
1611 4320 1700 4404 apud
1724 4326 1873 4392 sanctum
1891 4321 2042 4400 Petrum,
2061 4338 2146 4387 anno
2167 4317 2211 4381 in·

379 4431 476 4499 dictis
495 4433 586 4500 vobis
605 4435 767 4500 concessis
784 4433 975 4501 nullatenus
990 4433 1183 4516 derogatum
1201 4453 1273 4500 osse
1325 4434 1521 4511 carnationis
1541 4433 1699 4499 dominice
1716 4434 1888 4510 milesius,
1898 4430 2211 4522 quadringentesimo

380 4545 493 4610 aut'in
511 4544 655 4612 futurum
674 4545 834 4630 derogari,
856 4545 920 4612 nisi
936 4545 1014 4610 dum
1033 4549 1066 4610 et
1083 4543 1213 4628 quando
1232 4544 1273 4610 de
1326 4546 1545 4634 octuagesimo
1564 4544 1716 4626 secundo,
1736 4544 1927 4611 duodecimo
1940 4545 2016 4610 Kal.
2030 4544 2119 4622 Julii,
2136 4559 2212 4625 pon·

379 4656 504 4722 eisdem
521 4657 640 4724 litteris
657 4657 748 4724 vobis
767 4658 930 4725 concessis
949 4655 1145 4742 specificaet
1161 4654 1273 4722 indivi-
1324 4656 1467 4756 tilicatus
1484 4657 1590 4723 nostri
1607 4676 1693 4724 anno
1711 4657 1890 4728 undecimo.
1961 4685 1965 4696 ·

380 4767 446 4836 dua
465 4770 586 4836 mentio
603 4769 714 4852 fieret,
733 4791 798 4837 non
816 4774 926 4836 autem
947 4790 1008 4854 per
1026 4768 1188 4836 causulas
1211 4788 1274 4853 que
2022 4765 2174 4834 Sinollus.

886 5028 950 5096 cv.
994 5024 1307 5114 nocturninum
1324 5025 1412 5092 nnn
1428 5015 1702 5097 banetacan.

1166 5169 1247 5231 1484
1265 5163 1361 5268 Febr.
1383 5170 1432 5229 11.

470 5307 473 5316 '
512 5335 604 5402 Nau
621 5337 676 5402 aa
693 5337 798 5422 nxr,
815 5343 887 5406 aaa
911 5329 1127 5424 quacun
1151 5337 1342 5423 vasum,
1367 5337 1423 5403 aa
1439 5337 1544 5404 smus
1560 5337 1614 5404 aes
1632 5336 1823 5418 sumemus
1837 5339 1882 5404 tm
1902 5287 2007 5404 coca
2022 5336 2078 5400 oc
2099 5331 2215 5418 quau,

380 5444 422 5508 iot
439 5441 573 5508 dueelbst
588 5441 664 5507 nocb
687 5441 841 5526 folqeader
857 5441 958 5507 boba
974 5441 1057 5507 abbi
1071 5441 1229 5528 petrosae
1248 5439 1350 5507 &utut
1366 5441 1566 5526 etuqctraqeu,
1584 5442 1641 5506 mit
1657 5441 1795 5508 wddwm
1811 5441 1911 5508 aare
1931 5437 2033 5506 θοᾶειι
2050 5435 2218 5604 deepbaupt

384 5547 569 5614 obccltlicsst.
2128 5585 2134 5600 ·
