4792 6242
1076 403 1153 478 243

269 726 565 804 sustinentis
585 741 672 806 enit
690 741 967 807 PRIVILEGIEN
986 744 1043 808 nli
1061 640 1155 812 ritib
1167 744 1395 812 EVOGANDO
1414 745 1561 812 DUROH
1579 745 1709 813 rarsi
1730 747 1878 814 SIXTUS
1898 749 1954 815 IV.

991 885 1072 945 1482
1091 880 1167 947 luni
1186 885 1236 946 21.

325 1050 398 1118 Due
419 1051 562 1134 Oriptaul
578 1050 705 1134 befiedct
720 1050 787 1116 stet
804 1053 849 1118 im
868 1051 1096 1118 Stodtcrclvioc:
1117 1053 1307 1137 Perqamett,
1325 1059 1393 1120 22‘!
1409 1055 1493 1135 broit,
1517 1060 1580 1120 120
1596 1055 1678 1135 boch,
1697 1058 1754 1120 mit
1771 1057 1917 1122 bleierner
1933 1057 2030 1124 Bulla

202 1177 240 1222 cc
253 1155 319 1238 pelli
341 1155 407 1220 cce
429 1153 530 1219 retiner
549 1153 781 1220 Seideneclcaar.
825 1155 930 1222 Nabar
945 1157 1009 1250 ‘der'
1041 1155 1243 1240 Uetereclcriti
1264 1159 1306 1222 iet
1329 1158 1515 1242 onqemerlct:
1539 1157 1602 1222 Pro
1621 1159 1649 1222 A
1667 1155 1864 1238 Lucentino;
1894 1162 1957 1243 anf
1974 1163 2030 1226 der

202 1259 378 1352 Rideeiia
395 1255 424 1320 R
441 1256 528 1340 apud
546 1278 596 1322 me
615 1257 640 1320 L
660 1257 803 1338 (iritum,
822 1258 1191 1324 caesenatenses
1211 1258 1322 1326 stetten
1338 1276 1395 1325 cort
1413 1262 1497 1326 eitcer
1514 1261 1632 1326 andern
1652 1261 1750 1326 Hnrtd
1767 1264 1817 1326 ein
1836 1263 2029 1329 lateinisches

133 1371 136 1382 '
202 1361 307 1447 chesi
323 1361 424 1426 dieser
447 1359 595 1427 Uriacde·
607 1361 673 1426 aad
687 1361 824 1445 folcrada
843 1361 1026 1428 Nnctrc'clrt:
1054 1363 1147 1427 Anno
1166 1362 1287 1427 domini
1304 1375 1350 1428 m⁰
1369 1375 1456 1428 cecc⁰
1473 1363 1550 1426 lxxx
1570 1364 1686 1444 tercio,
1713 1363 1887 1429 indictione
1913 1367 2027 1448 prima,

199 1463 402 1556 pontificatus
420 1463 615 1528 sanctissimi
632 1463 736 1546 patris
755 1469 789 1529 et
807 1462 927 1528 domini
944 1465 1049 1529 nostri
1073 1464 1193 1530 domini
1212 1465 1294 1530 sixti
1312 1486 1395 1548 pape
1415 1467 1524 1549 quarti
1542 1486 1627 1531 anno
1653 1466 1896 1545 terciodecim0,
1916 1489 2026 1533 coram

200 1567 324 1638 domino
343 1567 492 1633 iohanne
515 1564 635 1633 abbate
658 1567 845 1633 monasterii
869 1569 974 1632 sancti
990 1555 1099 1652 egidii
1116 1569 1377 1649 Brunsvvieensis,
1396 1590 1446 1633 me
1471 1570 1600 1634 notario
1619 1569 1748 1652 publico
1768 1577 1801 1634 et
1819 1571 1959 1636 testibus
1977 1573 2026 1636 in·

198 1671 373 1756 descriptis
396 1671 612 1754 personaliter
630 1671 827 1736 constitutus
845 1670 1037 1735 venerabilis
1061 1672 1110 1736 vir
1132 1672 1287 1756 magister
1305 1669 1457 1736 Hinrious
1476 1671 1678 1754 Ronnstorp,
1698 1672 1838 1738 sindicus
1864 1673 2026 1758 magnifici

201 1775 383 1840 consulatus
401 1761 490 1858 opidi
506 1776 651 1840 Brunsvv.
669 1771 853 1858 hujusmodi
870 1773 998 1839 litteras
1016 1774 1214 1858 apostolicas
1232 1775 1360 1858 prefato
1383 1773 1512 1839 domino
1537 1776 1651 1842 abbati
1667 1777 1883 1858 presentavit,
1906 1779 1962 1860 qui
1978 1778 2026 1860 ip·

199 1897 247 1943 aas
265 1899 339 1944 cum
357 1898 398 1943 ea
413 1897 479 1961 qua
496 1877 606 1943 decuit
622 1879 810 1944 reverencia
827 1875 870 1943 ad
888 1897 922 1942 se
940 1879 1064 1960 recepit
1081 1883 1116 1943 et
1133 1878 1229 1944 michi
1245 1880 1374 1944 notario
1393 1877 1436 1943 ad
1453 1879 1625 1961 legendum
1638 1877 1785 1945 tradidit.
1816 1879 1937 1956 Quibus
1954 1898 2026 1963 per-

198 1979 285 2048 lectis
302 1981 389 2046 idem
406 1983 562 2066 magister
579 1980 729 2047 Hinrious
752 1979 896 2046 sindicus
918 1982 1047 2046 nomine
1070 1981 1149 2048 dicti
1162 1982 1357 2048 consulatus
1376 1981 1553 2048 secundum
1571 1983 1716 2064 ipsarum
1733 1987 1882 2046 tenorem
1901 2003 1973 2048 cum
1992 1991 2027 2048 et
2097 1975 2104 1986 ’

198 2079 323 2168 quaudo
341 2105 474 2172 necesse
492 2084 590 2150 luent
607 2104 667 2168 per
682 2085 788 2167 ipsum
805 2083 970 2150 dominum
987 2083 1140 2151 abbatem
1157 2083 1291 2168 procedi
1307 2085 1404 2168 petiit
1421 2089 1456 2150 et
1473 2083 1582 2150 debite
1600 2084 1751 2150 obtinuit.
1778 2086 1878 2154 2Acta
1894 2084 2027 2152 inerunt

198 2187 253 2253 hec
268 2189 302 2252 in
320 2188 411 2253 curia
429 2187 586 2256 abbatiali
602 2187 722 2271 prefati
740 2187 860 2252 domini
876 2186 1016 2269 abbatis,
1034 2188 1241 2272 presentibus
1260 2187 1410 2254 discretis
1428 2187 1504 2252 viris
1523 2185 1664 2254 Martino
1684 2186 1724 2252 de
1743 2186 1876 2256 Colonia
1895 2194 1929 2254 et
1941 2189 2025 2255 iiic·

196 2306 309 2356 manno
327 2289 507 2376 Meyncken
531 2291 656 2358 clericis
675 2290 874 2367 Coloniensis
892 2295 926 2356 et
945 2291 1203 2375 Magantinensis
1221 2291 1305 2358 dioc.
1328 2291 1467 2356 testibus
1492 2290 1534 2356 ad
1556 2290 1717 2374 premissa
1734 2292 1868 2374 rogatis.
1886 2329 1930 2342 -
1947 2291 2026 2358 Hin-

196 2395 275 2460 ricus
294 2394 464 2478 Hageman
482 2395 618 2462 clericus
635 2395 782 2477 Magoni.
800 2393 882 2459 dioc.
901 2394 943 2460 ad
966 2385 1124 2477 premissa
1141 2395 1289 2460 notarius
1313 2394 1500 2478 requisitus.
1541 2395 1695 2460 Gedracitt
1712 2397 1754 2459 iet
1776 2396 1859 2461 dirce
1884 2395 2028 2462 e'rinnce

196 2498 434 2587 irritettmeiers
452 2497 662 2564 nectente.
674 2498 803 2578 I„1ce;
829 2498 940 2564 Veteri.
959 2497 1118 2581 Ardciof.
1138 2497 1495 2564 Niederecclcsen1835
1514 2496 1547 2562 S.
1560 2503 1638 2562 217.
1875 2497 1938 2584 Hn.

196 2663 313 2740 sixtus
332 2669 514 2752 episcopus,
525 2689 638 2735 sarnus
653 2688 819 2734 servorum
831 2667 892 2748 dei,
907 2667 1032 2735 dilectis
1046 2667 1083 2734 fi·
1135 2669 1289 2735 decessor
1306 2673 1420 2734 noster
1438 2674 1545 2735 certas
1563 2669 1735 2734 recolende
1753 2663 1906 2735 memorie
1925 2669 2024 2754 Sigis-

195 2779 239 2846 liis
249 2781 509 2864 proconsulibus,
522 2775 708 2846 consulibus
721 2787 754 2847 at
765 2781 970 2847 universitati
980 2781 1082 2847 homi·
1133 2781 1247 2847 mundi
1264 2783 1471 2865 imperatoris
1490 2785 1568 2847 tune
1591 2782 1677 2865 regis
1696 2780 1917 2847 Romanorum
1934 2782 2023 2847 litte·

197 2911 267 2957 num
283 2898 319 2976 et
336 2881 550 2981 personarum
567 2893 736 2978 utriusque
754 2913 850 2960 sexus
864 2892 951 2976 opidi
961 2893 1080 2960 Bruns-
1132 2913 1187 2959 ras
1207 2899 1241 2959 et
1259 2894 1415 2959 contenta
1437 2895 1470 2959 in
1489 2893 1549 2971 eis,
1573 2914 1633 2977 per
1655 2913 1736 2978 quas
1756 2893 1847 2960 vobis
1867 2884 2024 2960 concede·

197 3005 344 3083 nicensis,
362 3003 648 3071 Halberstade'nsis
663 3011 695 3070 et
711 3003 962 3070 Hildesemensis
975 3004 1081 3072 dioce-
1132 3005 1240 3087 batur,
1258 3023 1290 3072 ut
1306 3017 1334 3070 in
1352 3017 1555 3086 quibuscunque
1568 3017 1656 3071 causis
1670 3016 1789 3072 civilibus
1804 3024 1831 3072 et
1844 3017 2024 3072 criminalibus

198 3116 273 3181 sium
291 3116 475 3182 salutemet
489 3116 701 3200 apostolicam
715 3115 982 3183 benedictionem.
1012 3115 1081 3182 Sin·
1132 3097 1210 3186 extra
1233 3127 1333 3210 dictum
1354 3128 1463 3198 opidum
1486 3127 1521 3182 ad
1539 3129 1629 3197 aliqua
1649 3127 1761 3184 soranae
1778 3128 1910 3184 samana
1923 3129 2025 3199 judicia

199 3247 264 3293 cere
287 3228 469 3294 devotionis
488 3229 634 3309 affectus,
658 3218 844 3313 quamtum
863 3248 988 3293 summa
1004 3227 1081 3294 fidoi
1131 3215 1240 3310 publica
1263 3239 1306 3295 rel
1329 3241 1434 3316 perata
1457 3240 1485 3294 in
1507 3253 1604 3308 genere
1621 3239 1663 3294 vel
1687 3241 1713 3293 in
1731 3241 1817 3309 apetie
1835 3239 1869 3295 ad
1892 3239 2024 3310 judicium

198 3339 377 3423 integritate
395 3340 438 3406 ad
455 3359 516 3407 nos
535 3347 569 3406 et
591 3345 759 3406 romanam
778 3341 889 3424 geritis
910 3339 1088 3436 ecclesiam·
1132 3351 1238 3408 evucurt
1259 3367 1314 3408 uon
1337 3353 1454 3422 possets
1473 3346 1706 3421 concesserat,¹
1730 3341 1888 3425 paraliae
1907 3341 2024 3407 confir·
2111 3336 2115 3350 ‘

200 3440 408 3534 promeretur,
437 3453 552 3519 utilia
579 3452 671 3519 vobis
696 3452 837 3520 libenter
864 3448 1080 3520 concedamus
1130 3455 1246 3535 mavit,
1269 3454 1317 3520 ita
1335 3457 1444 3518 tamen
1469 3463 1541 3533 qnod
1557 3479 1608 3533 per
1625 3461 1852 3520 conmauonem
1869 3463 2024 3534 hujusmodi

201 3581 253 3645 per
268 3585 328 3648 qne
351 3563 560 3634 obtentorum
577 3585 637 3650 per
653 3585 710 3631 vos
735 3565 852 3632 vestris
876 3563 1080 3650 exigentibus
1130 3575 1233 3632 nonum
1246 3575 1424 3631 eclesiastica
1437 3575 1555 3630 themati
1567 3575 1744 3646 prejudicium
1756 3580 1938 3646 generaretur,
1951 3585 2021 3660 cer·

200 3677 310 3742 uenus
342 3700 362 3744 a
394 3678 469 3744 sede
493 3677 673 3762 apostolica
695 3667 909 3758 indultorum',
941 3677 1078 3743 sublatis
1130 3678 1173 3742 tis
1198 3677 1338 3762 desuper
1355 3677 1638 3744 conservatoribus
1661 3675 1836 3761 deputatis.
1872 3677 2022 3743 Postmo-
2142 3709 2144 3712 ·

201 3785 384 3868 quibuslibet
399 3787 653 3874 impedimentis,
671 3791 812 3855 votivum
831 3790 985 3874 consequi
1002 3811 1078 3875 pos·
1131 3789 1208 3866 dum
1226 3810 1302 3855 vero
1320 3789 1373 3874 pie
1395 3789 1549 3856 memorie
1567 3789 1630 3886 Pio¹
1644 3809 1728 3874 pape
1743 3811 1769 3854 11
1786 3789 1885 3856 etiam
1903 3788 2020 3873 prode·

189 3879 262 3964 'its
283 3899 440 3968 affectum.
497 3913 605 3967 Dudum
633 3911 764 3981 siquidem
790 3913 941 3969 Bonifatius
964 3929 1018 3984 vnq
1051 3915 1079 3970 in
1131 3902 1252 3966 casseri
1274 3906 1388 3967 nostro
1417 3921 1477 3984 pro
1501 3905 1595 3985 parte
1621 3907 1731 4000 ysstra
1756 3902 1922 3984 exposite,
1947 3911 2020 3981 quod

201 4034 244 4074 sua
259 4023 418 4095 obedientia,
443 4024 477 4078 de
491 4039 549 4092 qua
571 4016 619 4080 vos
641 4031 706 4080 tuno
726 4027 825 4094 eratis,
848 4033 1019 4096 nuncupatus
1037 4035 1078 4080 ex
1128 4023 1250 4080 nonnulli
1267 4025 1469 4095 archiepiscopi,
1487 4024 1606 4094 episcopi
1622 4025 1720 4093 aliique
1733 3993 1904 4080 ecelesiarum
1921 4023 2021 4101 prelati

201 4125 286 4189 tertie
312 4125 558 4192 rationabilibus
588 4127 694 4192 causis
730 4132 808 4192 tunc
836 4129 996 4210 expressis
1023 4148 1077 4193 vo·
1128 4143 1155 4190 et
1173 4135 1269 4206 clerici,
1288 4151 1320 4190 ac
1338 4135 1517 4192 ecclesiastice
1534 4151 1650 4205 persone
1667 4143 1722 4190 tam
1738 4135 1862 4204 religiosa
1881 4151 1960 4205 quam
1978 4149 2020 4190 se·

201 4232 243 4298 bis
262 4257 317 4320 per
347 4237 505 4322 quasdam
530 4239 673 4322 gratiose
703 4251 849 4320 concessit,
874 4255 905 4303 ut
928 4250 1075 4320 nequiretis
1127 4247 1240 4318 culares,
1258 4262 1361 4302 necnon
1379 4247 1474 4319 duces,
1492 4247 1671 4318 marchiones,
1690 4247 1812 4318 comites,
1830 4248 1953 4318 barones,
1971 4261 2019 4303 nc·

201 4370 242 4422 per
257 4362 399 4429 apostolice
416 4360 488 4415 sedis
506 4361 547 4416 vel
564 4363 714 4431 legatorum
732 4362 793 4430 ejus
810 4377 865 4417 non
877 4348 1007 4416 iacientes
1018 4361 1074 4431 ple-
1126 4359 1207 4430 biles,
1224 4359 1321 4414 milites
1347 4365 1374 4414 et
1397 4359 1474 4431 laici,
1492 4359 1640 4416 communia
1661 4359 1811 4429 uirtutum,
1830 4356 2019 4414 universitates

202 4481 253 4523 nan
269 4477 294 4526 et
313 4486 469 4542 expressam
487 4471 520 4528 de
538 4474 711 4529 concessione
733 4472 889 4542 hujusmodi
905 4473 1074 4544 mentionem,
1126 4470 1281 4542 opidorum,
1306 4477 1471 4542 castrorum,
1496 4471 1617 4526 villarum
1639 4477 1669 4526 et
1690 4469 1803 4526 aliorum
1825 4469 1960 4540 locorum,
1984 4485 2016 4525 ac

200 4593 241 4634 seu
256 4584 330 4638 etiam
348 4551 552 4655 ordinariorum,
569 4583 819 4641 archidiaconorum
832 4593 859 4640 et
870 4583 1020 4641 officialium
1032 4585 1074 4640 lit·
1126 4583 1177 4638 alie
1194 4583 1344 4653 singulares
1361 4599 1476 4654 persone
1493 4583 1629 4638 civitatum
1647 4589 1674 4637 et
1692 4580 1837 4637 diocesium
1856 4595 1888 4636 ac
1905 4569 2019 4636 aliarum

199 4695 260 4748 teas
276 4703 351 4751 extra
365 4675 478 4764 'opidum
495 4705 613 4752 restrum
629 4697 714 4768 traid,
732 4697 857 4766 quamdin
873 4697 963 4766 parati
980 4696 1075 4753 esseda
1124 4696 1242 4766 partium
1259 4695 1424 4751 diuersarum
1440 4711 1489 4751 ros
1507 4701 1602 4751 cenna
1622 4693 1726 4749 indulta
1743 4699 1772 4748 et
1787 4690 2017 4749 confirmationem

199 4798 696 4882 darcbiscouquerentibusinepido
710 4803 1074 4878 vestroexhiberejusticia
1124 4805 1279 4877 htq'nsmodi
1301 4807 1337 4863 ad
1358 4807 1464 4862 diversa
1483 4805 1585 4876 indicia
1606 4811 1684 4861 extra
1708 4803 1808 4860 dotum
1829 4805 1938 4873 cpidum
1961 4811 2016 4860 tra-

197 4919 405 4986 conplementum
423 4926 450 4974 et
461 4927 533 4976 stare
551 4921 608 4990 jnri
625 4936 715 4978 coram
729 4920 820 4990 judice
838 4921 950 4990 ipsius
969 4919 1073 4990 opidi.
1124 4919 1189 4975 here
1205 4924 1431 4990 presumpserant,
1449 4918 1569 4988 aliasque
1581 4918 1657 4974 robis
1668 4917 1860 4987 premissorum
1873 4917 2016 4976 nmatione

198 5013 334 5086 Decrevit
351 5041 481 5106 quoque
497 5033 603 5087 irritm
620 5039 648 5088 et
664 5033 742 5088 mane
760 5031 886 5102 quiequid
903 5036 1073 5088 contracon·
1123 5031 1283 5102 multiplices
1307 5029 1444 5086 molestias
1467 5035 1494 5084 et
1516 5028 1628 5098 injurias
1651 5027 1802 5084 inferebant
1826 5035 1853 5084 et
1878 5028 2014 5098 jacturas:

199 5141 312 5198 monis
328 5113 483 5213 huiusmodi
500 5151 686 5216 nucremper
704 5161 878 5215 quoscunque
896 5144 989 5212 quavis
1007 5113 1072 5200 auc·
1123 5132 1298 5198 idem-Pius
1314 5129 1530 5214 predecessor
1547 5129 1672 5196 dilectis
1690 5128 1764 5195 filiis
1779 5130 1885 5196 sancti
1898 5127 2015 5195 iacobi

201 5251 295 5308 enare
309 5257 423 5311 edente
433 5257 475 5312 vel
491 5231 647 5327 ignoranter
657 5258 824 5327 confingeret
840 5256 1001 5325 attemptari.
1029 5245 1073 5310 Ei
1125 5243 1296 5310 securum
1318 5239 1525 5309 Erfordensis
1550 5245 1584 5306 ei
1607 5242 1711 5333 saneti
1730 5241 1834 5326 Egidii
1852 5241 2013 5305 Bruneni-

207 5345 306 5419 deinde
321 5355 423 5424 felicis
440 5359 675 5425 recordationis
687 5359 952 5441 Martinus'papa
963 5381 983 5422 v
999 5377 1071 5440 pre
1124 5355 1229 5432 censis
1251 5334 1523 5420 monasteriorum
1547 5353 1736 5435 abbatibus,
1755 5337 1942 5419 ac'decano
1961 5370 2014 5416 ec·

215 5568 240 5634 li
252 5589 405 5668 concesserat
421 5587 456 5639 isi
472 5586 594 5654 offender
610 5583 776 5654 tartessia.
1749 5652 1810 5709 3¹,
