4792 6242
1062 446 1135 520 197

181 679 349 746 ecclesiam
367 699 405 745 eo
428 671 612 746 terraneius
632 685 813 758 accrescat,
839 667 903 763 quo
926 701 986 764 per
1010 689 1071 745 nos
1121 679 1196 745 liter
1215 685 1303 744 stare
1319 680 1394 762 juri,
1414 680 1447 744 in
1460 680 1515 763 jus
1528 699 1644 748 vocare
1663 686 1850 748 seu·contra
1869 703 1925 748 eos
1940 703 2014 766 pro

181 787 351 876 specialius
380 790 546 857 favoribus
573 794 606 856 et
635 793 753 875 graciis
783 791 1012 874 prospexerint
1035 811 1070 857 ss
1123 791 1238 857 cedere
1260 795 1356 856 extra
1377 791 1461 857 idem
1486 791 1618 875 opidum
1642 792 1683 856 de
1702 797 1811 859 cetero
1834 796 2012 860 auctorita-

180 905 321 970 munitos
339 903 505 968 favombus
529 903 680 987 prosequi
704 903 876 986 graoioms,
891 924 935 969 ao
956 903 1070 989 hujus·
1121 909 1155 969 ts
1172 903 1337 970 ordinaria
1359 903 1508 986 predicta
1528 909 1728 987 presumant.
1760 905 1804 970 Et
1822 908 1899 990 quia
1917 927 2012 972 nemo

179 1015 266 1080 modi
284 1035 398 1082 eorum
415 1017 450 1082 in
472 1014 534 1081 bac
550 1020 646 1097 parte
666 1014 962 1098 supplicacionibus
978 1015 1069 1080 incli·
1120 1017 1261 1100 propriis
1282 1015 1464 1098 sumptibus
1481 1015 1620 1080 militare
1638 1021 1778 1099 tenetur,
1797 1037 1836 1084 ac
1849 1039 2011 1084 mercens-

178 1128 262 1206 iiati,
289 1129 486 1194 anctoritate
517 1127 698 1210 apostolica
727 1134 842 1192 tenore
866 1127 1070 1210 presencium
1121 1128 1356 1193 riusmorcede
1369 1128 1412 1191 sit
1429 1126 1556 1218 dignus,
1573 1128 1836 1194 volumuseciam
1851 1135 1885 1194 et
1899 1131 2013 1196 eadem

179 1241 354 1306 statuimus
377 1261 417 1305 ac
441 1240 544 1306 eciam
561 1239 763 1318 ordinamus,
792 1239 880 1322 quod
902 1238 999 1304 iidem
1017 1260 1070 1304 or·
1122 1239 1319 1304 auctoritate
1337 1239 1518 1323 apostoliea
1535 1239 1752 1320 decernimus,
1771 1241 1859 1325 quod
1875 1262 2011 1324 procon-

179 1351 296 1416 dinarii
311 1357 351 1438 et
371 1347 589 1416 archidiaconi
610 1372 653 1417 ac
672 1353 775 1418 eciam
794 1371 999 1418 successores
1019 1329 1071 1415 eo·
1123 1351 1224 1430 snles,
1242 1350 1391 1416 consules
1410 1356 1444 1415 st
1467 1351 1661 1418 universitas
1685 1352 1825 1435 predicti
1847 1375 1907 1436 pro
1931 1360 2010 1420 tem·

177 1485 248 1528 rum
262 1467 329 1547 'pro
346 1470 493 1546 tempore
511 1465 689 1530 existentes
708 1465 850 1548 aliquem
868 1485 926 1533 seu
944 1464 1070 1557 aliquos
1121 1482 1201 1547 pore
1218 1463 1337 1527 vicario
1357 1482 1413 1527 seu
1437 1464 1564 1528 vicariis
1588 1470 1646 1529 aut
1664 1465 1791 1530 officiali
1814 1481 1872 1530 seu
1898 1465 2011 1532 officia

176 1577 331 1640 vicarium
343 1593 409 1641 seu·
417 1575 562 1655 vicarios,
576 1575 743 1643 officialem
756 1597 813 1641 seu
827 1577 983 1642 officiales
993 1576 1070 1660 ydo-
1121 1574 1206 1640 libus
1223 1574 1413 1653 antedictis,
1432 1576 1487 1666 qui
1511 1597 1571 1659 per
1589 1575 1771 1642 ordinarios
1796 1582 1830 1642 et
1853 1577 2012 1644 archidia-

176 1669 342 1753 iieums‘eu
352 1686 497 1771 ydoneos
511 1692 544 1750 et
555 1687 597 1752 'ad
608 1687 760 1771 idaptum
771 1689 822 1754 vel
834 1687 982 1771 aptosad
995 1709 1070 1752 exa·
1121 1707 1221 1754 conos
1246 1707 1285 1752 ac
1308 1707 1514 1753 successores
1534 1708 1610 1752 suos
1627 1688 1792 1771 predictos
1810 1689 1854 1755 ad
1875 1689 1937 1755 boc
1955 1689 2011 1755 do-

175 1801 389 1890 minacionem
405 1819 465 1864 seu
482 1798 525 1864 ad
542 1800 754 1865 descisionem
771 1799 956 1884 hujusmodi
966 1819 1070 1865 emer·
1120 1800 1290 1882 putabitur
1308 1821 1367 1864 seu
1385 1799 1644 1882 deputabuntur,
1663 1799 1846 1883 hujusmodi
1859 1801 2011 1885 jurisdic-

175 1913 326 1994 gencium
337 1903 470 1977 casuum
483 1913 723 1976 seucausarum
741 1918 810 1976 tam
822 1913 960 1978 civilium
972 1932 1069 1995 quam
1120 1912 1202 1977 tioni
1219 1911 1399 1994 presidenti
1424 1933 1482 1976 seu
1509 1912 1750 1994 presidentibus
1780 1934 1839 1995 pro
1864 1919 2011 1997 tempore

176 2024 403 2102 criminalium,
422 2043 484 2106 que
501 2023 587 2086 inter
604 2023 735 2088 eosdem
753 2024 973 2107 proconsules,
992 2043 1068 2088 con·
1121 2023 1282 2089 dictorum
1313 2023 1550 2088 ordinariorum
1582 2028 1615 2088 et
1645 2023 1944 2112 archidiaconorum
1977 2027 2011 2091 in

176 2137 267 2201 sulca
287 2141 321 2200 et
344 2154 503 2219 personas
520 2153 646 2199 necnon
667 2136 790 2226 nicolas
814 2135 957 2218 ejusdem
981 2134 1071 2218 opidi
1122 2134 1224 2218 opido·
1239 2141 1418 2202 memorato
1437 2134 1579 2201 debeant
1605 2135 1645 2200 de
1665 2136 1868 2202 convenienti
1890 2137 2009 2203 salano

175 2253 351 2332 presentes
377 2253 410 2312 et
433 2247 559 2328 ipturos
586 2249 663 2312 oriri
687 2228 745 2328 seu
771 2252 886 2312 contra
911 2267 967 2312 eos
991 2267 1068 2313 con·
1119 2267 1180 2330 pro
1205 2249 1385 2330 sumptibus
1411 2249 1495 2325 suis,
1517 2247 1745 2312 moderacione
1769 2249 1894 2330 previa,
1917 2250 2010 2315 annis

168 2361 313 2443 junctim
331 2359 382 2425 vel
399 2359 525 2424 diusirn
542 2380 602 2442 per
622 2379 830 2442 quoscunque
852 2361 974 2425 moveri
991 2379 1068 2425 corr·
1120 2342 1253 2443 singulis
1282 2360 1461 2443 providere.
1492 2359 1568 2423 vNos
1598 2359 1682 2423 enim
1713 2367 1752 2423 e'x
1775 2381 1861 2425 nunc
1883 2362 2012 2428 irritum

175 2473 306 2555 tigerit,
333 2475 368 2535 et
391 2455 529 2556 qudrum
552 2471 751 2536 examinacio
780 2491 838 2536 seu
863 2471 1002 2536 doscisio
1025 2470 1069 2537 ad
1120 2469 1323 2540 decernimus
1341 2477 1376 2535 et
1392 2473 1502 2549 inane,
1522 2472 1549 2536 si
1568 2491 1660 2536 secus
1685 2491 1783 2554 super
1805 2471 1866 2536 biis
1885 2493 1905 2536 a
1929 2495 2010 2556 quo·

175 2584 287 2649 lorum
305 2581 465 2682 dictorum
484 2583 720 2650 ordinariorum
743 2603 800 2648 seu
823 2581 1067 2649 archidiacono·
1121 2605 1218 2668 quarn
1237 2584 1350 2666 quovis
1370 2584 1567 2649 auctoritate
1590 2583 1731 2648 scienter
1748 2582 1798 2647 vel
1821 2584 2034 2666 ignoranter
2140 2573 2141 2578 ἵ

173 2717 247 2760 rum
266 2695 414 2760 locorum
439 2694 478 2759 de
502 2693 736 2760 consuetudine
753 2694 805 2759 vel
827 2692 868 2759 de
888 2694 963 2776 jure
981 2717 1068 2762 com·
1121 2696 1293 2780 contigerit
1324 2695 1529 2777 attemptari,
1552 2715 1618 2759 non
1643 2693 1850 2760 obstantibus
1877 2715 2010 2760 revoca·

172 2809 319 2872 munitor
335 2805 387 2871 vel
412 2805 537 2901 ditisim
554 2811 593 2871 ut
614 2805 778 2899 ppelertur
799 2826 856 2871 seu
881 2806 962 2872 alias
988 2827 1068 2890 quo·
1120 2810 1211 2874 mone
1236 2807 1384 2891 predicta
1406 2827 1531 2873 necnon
1561 2805 1851 2873 constitucionibus
1876 2813 2009 2890 aposto·

172 2920 357 2989 modolibet
369 2923 507 3003 spectat,
520 2918 661 2984 debeant
671 2938 731 3003 pro
743 2923 890 3016 tempore
900 2918 1068 3002 deputare.
1118 2921 1188 2986 licis
1207 2924 1241 2984 et
1258 2920 1329 2984 aliis
1348 2921 1520 2986 contrariis
1541 2919 1797 3003 quibuscunque.
1826 2919 1913 2984 Nulli
1931 2937 2012 3006 ergo

171 3033 368 3098 Districtins
391 3027 494 3097 eclam
518 3030 700 3096 inhibemus
718 3031 917 3095 auctoritate
940 3030 1069 3114 prefata
1120 3029 1249 3098 omnin'o
1277 3031 1442 3097 bominum
1475 3031 1572 3096 liceat
1600 3027 1683 3097 lianc
1718 3031 1871 3115 paginam
1898 3036 2010 3096 nostre

172 3143 366 3221 ordinariis,
397 3142 632 3208 archidiaconis
657 3147 690 3207 et
719 3141 906 3208 officialibus
936 3143 1068 3226 quibus·
1119 3144 1381 3223 constitucionis,
1405 3141 1638 3222 ordinacionis,
1669 3144 1873 3209 inbibicionis
1897 3147 1931 3208 et
1953 3165 2009 3209 vo·

170 3255 255 3321 libet
281 3275 343 3338 per
374 3253 505 3320 eosdem
530 3253 711 3319 ordinarios
734 3273 792 3320 seu
823 3254 1068 3320 archidiaconos
1118 3256 1254 3326 luntatis
1283 3255 1475 3338 inb-ingere,
1498 3256 1549 3320 vel
1574 3257 1604 3320 ei
1633 3273 1716 3322 ausu
1738 3256 1911 3338 temerario
1936 3275 2009 3321 oon·

170 3373 270 3432 extra
299 3365 423 3430 dictum
448 3357 584 3449 fopidnm
620 3365 786 3449 deputatis
814 3366 973 3432 hactenus
1001 3387 1067 3430 seu
1117 3369 1229 3434 traire.
1259 3363 1293 3433 Si
1309 3365 1575 3452 quisauteniboo
1591 3371 1789 3450 attemptare
1805 3385 2008 3450 presumpse-

171 3480 279 3544 eciam
304 3475 533 3564 deputandis,¹
564 3499 604 3542 ne
633 3478 695 3561 ipsi
726 3477 923 3561 valsaliquis
955 3497 1067 3542 eorum
1116 3483 1169 3560 rit,
1187 3479 1446 3564 indignacionem
1464 3480 1697 3562 omnipotentis
1716 3479 1768 3544 dei
1785 3483 1820 3551 ,et
1837 3478 2008 3544 beatorum

169 3612 230 3674 per
248 3610 286 3655 se
304 3589 357 3654 vel
376 3589 473 3656 aliurn¹
496 3609 555 3654 sen
573 3589 654 3654 alios
671 3590 898 3672 proconsules,
917 3589 1066 3654 consules
1115 3591 1204 3657 Petri
1228 3595 1262 3657 et
1286 3591 1380 3657 Pauli
1403 3593 1625 3674 apostolorum
1652 3592 1722 3674 ejus
1747 3611 1783 3656 se
1808 3591 1936 3656 noverit
1959 3590 2008 3656 in·

170 3709 203 3768 et
221 3702 489 3782 universitatem,
513 3721 672 3785 personas
691 3705 725 3767 et
742 3702 864 3767 incolas
882 3700 1066 3766 antedictos
1117 3725 1296 3770 cursurum.
1329 3704 1450 3769 Datum
1468 3703 1569 3769 Rome
1592 3703 1680 3787 apud
1699 3709 1847 3769 sanctum
1864 3703 2008 3783 Petrum,

169 3815 392 3880 communiter
413 3812 464 3879 rel
492 3813 632 3894 dirisi-m,
658 3813 812 3897 quamdin
836 3813 921 3879 inira
944 3813 1065 3879 dietum
1115 3814 1234 3882 mIdus
1247 3815 1394 3899 Augusti,
1413 3814 1622 3898 pontificatus
1635 3815 1740 3882 nostri
1754 3835 1839 3881 anno
1855 3815 2007 3881 secundo.

168 3928 308 4012 opidum
339 3946 449 3992 coram
479 3924 601 3990 eisdem
633 3927 760 3991 vicariis
790 3945 848 3991 seu
877 3917 1065 3992 officialibus
1342 3927 1593 3993 Auscbultatum
1610 3948 1670 4010 per
1687 3949 1739 3993 me
1758 3925 1964 3992 (iheruinum

168 4039 294 4105 ibidem
306 4043 345 4102 ut
357 4037 523 4121 prefertur
535 4037 730 4122 deputandis
743 4039 850 4121 parati
863 4037 984 4103 luerint
995 4057 1066 4104 rea·
1273 4019 1282 4030 ’
1394 4041 1558 4107 notarium
1576 4045 1610 4106 et
1628 4041 1837 4106 secretarium
1851 4039 1876 4122 j.
1896 4061 1923 4104 c.

1015 4331 1158 4398 LXXHI.

246 4449 544 4538 ERNEUERUNG
561 4448 643 4516 DES
663 4449 936 4518 OFFICIALATS
958 4451 1002 4517 IN
1021 4451 1108 4516 ΗΕΒ
1127 4427 1264 4518 sTlDT
1283 4450 1430 4518 DURCll
1448 4451 1580 4517 PAPST
1597 4447 1850 4516 BONIFACIUS
1872 4433 1927 4514 Ill.⁴

985 4577 1065 4638 1395
1084 4571 1150 4638 Jnli
1169 4579 1197 4637 5.

302 4733 376 4810 Das
396 4743 540 4828 ompinol
565 4745 665 4809 dictor
689 4743 833 4810 Urbundc
856 4745 898 4809 ist
918 4743 1000 4809 nield
1023 4743 1109 4808 mcbr
1131 4744 1323 4825 cubandm-
1348 4745 1402 4810 der
1418 4741 1634 4808 occlutebende
1650 4739 1797 4806 Abdruclc
1812 4741 1892 4806 uude
1908 4741 2006 4806 cirtem

164 4845 376 4930 ammoneo
399 4847 453 4911 des
477 4847 579 4912 Bothe
602 4867 662 4912 aus
686 4847 755 4912 dem
781 4852 832 4912 15.
851 4846 1070 4913 Jobrbundert.
1116 4847 1207 4913 Nocb
1230 4850 1314 4913 ειιιιν
1337 4849 1456 4914 audon
1477 4845 1548 4910 sebr
1564 4847 1746 4910 incorrectos
1768 4841 1929 4927 Abscbrtft
1952 4845 2007 4909 dee

165 4956 224 5014 16.
245 4948 478 5014 Jatrtonderrs
498 4950 540 5013 ist
556 4952 603 5015 sic
617 4951 761 5035 peomne
775 4951 810 5014 iu
828 4949 1072 5015 Hessensottsrs
1089 4950 1240 5016 Heimtcb
1261 4951 1387 5033 Lampe,
1406 4947 1545 5014 Brsclno.
1566 4951 1665 5029 1852,
1685 4945 1717 5012 S.
1738 4951 1789 5013 98.
1813 4946 1882 5012 Der
1900 4944 2007 5012 Iubult

161 5052 226 5118 der
244 5051 457 5117 condemno
481 5051 624 5118 Urbtmdc
640 5055 683 5118 iet
699 5053 734 5118 tn
749 5053 832 5118 dicae
846 5053 912 5135 suet
927 5053 1063 5118 wdrtliclt
1079 5053 1315 5138 atofpcnonmten.
1487 5085 1492 5096 ·
1759 5084 1763 5093 ·
1855 5049 1918 5114 Hn.

147 5221 373 5317 'Bonifatius
391 5223 579 5306 episcopus,
605 5243 716 5290 servus
741 5244 907 5290 serrorum
925 5221 994 5303 dei,
1017 5222 1060 5287 sd
1112 5224 1266 5290 eminenti
1297 5223 1491 5308 apostolice²
1518 5219 1687 5318 dignitatis
1717 5222 1848 5307 speculo
1883 5221 2002 5287 consti·

157 5336 313 5402 futuram
342 5335 391 5399 rei
414 5335 612 5402 memoriam.
661 5335 825 5402 Romanus
854 5333 1000 5418 pontifex
1027 5335 1061 5399 in
1114 5341 1214 5416 tutus,
1228 5341 1368 5428 paterna
1386 5335 1563 5418 diligencia
1575 5334 1687 5402 sedulo
1705 5335 1842 5419 vigilans
1860 5333 2002 5397 omnium

158 5614 189 5680 1)
211 5609 255 5664 1„
274 5609 323 5663 aar
341 5609 499 5664 nasoon.
518 5573 639 5678 depulso
658 5639 689 5650 -
704 5609 862 5679 uepuonu.
967 5607 997 5672 a)
1017 5607 1055 5661 rs
1071 5607 1120 5662 aa
1138 5607 1294 5663 Hannon.
1313 5609 1469 5678 apostolico.
