<?xml version="1.0" encoding="UTF-8"?>
<!DOCTYPE html PUBLIC "-//W3C//DTD XHTML 1.0 Transitional//EN"
    "http://www.w3.org/TR/xhtml1/DTD/xhtml1-transitional.dtd">
<html xmlns="http://www.w3.org/1999/xhtml" xml:lang="en" lang="en">
 <head>
  <title>
</title>
<meta http-equiv="Content-Type" content="text/html;charset=utf-8" />
  <meta name='ocr-system' content='tesseract 3.04.00' />
  <meta name='ocr-capabilities' content='ocr_page ocr_carea ocr_par ocr_line ocrx_word'/>
</head>
<body>
  <div class='ocr_page' id='page_1' title='image "./urkundenbuchder02mackgoog_0227.png"; bbox 0 0 4792 6242; ppageno 0'>
   <div class='ocr_carea' id='block_1_1' title="bbox 1291 411 1365 486">
    <p class='ocr_par' dir='ltr' id='par_1_1' title="bbox 1291 411 1365 486">
     <span class='ocr_line' id='line_1_1' title="bbox 1291 411 1365 486; baseline 0.027 -2"><span class='ocrx_word' id='word_1_1' title='bbox 1291 411 1365 486; x_wconf 79' lang='lat' dir='ltr'>iae</span> 
     </span>
    </p>
   </div>
   <div class='ocr_carea' id='block_1_2' title="bbox 314 639 2227 2656">
    <p class='ocr_par' dir='ltr' id='par_1_2' title="bbox 314 639 2227 2656">
     <span class='ocr_line' id='line_1_2' title="bbox 350 639 2215 734; baseline 0.005 -21"><span class='ocrx_word' id='word_1_2' title='bbox 350 657 353 662; x_wconf 84' lang='lat'>&#39;</span> <span class='ocrx_word' id='word_1_3' title='bbox 402 647 561 726; x_wconf 83' lang='lat' dir='ltr'>fidelium,</span> <span class='ocrx_word' id='word_1_4' title='bbox 583 667 721 732; x_wconf 88' lang='lat' dir='ltr'>quorum</span> <span class='ocrx_word' id='word_1_5' title='bbox 739 667 818 712; x_wconf 89' lang='lat' dir='ltr'>aura</span> <span class='ocrx_word' id='word_1_6' title='bbox 836 646 996 730; x_wconf 80' lang='lat' dir='ltr'>generalis</span> <span class='ocrx_word' id='word_1_7' title='bbox 1020 647 1082 734; x_wconf 77' lang='lat' dir='ltr'>sibi</span> <span class='ocrx_word' id='word_1_8' title='bbox 1108 646 1222 712; x_wconf 77' lang='lat' dir='ltr'><strong>celitus</strong></span> <span class='ocrx_word' id='word_1_9' title='bbox 1243 649 1295 712; x_wconf 83' lang='lat' dir='ltr'>est</span> <span class='ocrx_word' id='word_1_10' title='bbox 1346 639 1674 715; x_wconf 76' lang='lat' dir='ltr'>Hildeaemenns&#39;esdcra</span> <span class='ocrx_word' id='word_1_11' title='bbox 1697 661 1945 716; x_wconf 72' lang='lat' dir='ltr'>noscebatcrarios</span> <span class='ocrx_word' id='word_1_12' title='bbox 1968 645 2215 731; x_wconf 75' lang='lat' dir='ltr'>parathesomai</span> 
     </span>
     <span class='ocr_line' id='line_1_3' title="bbox 403 756 2215 842; baseline 0.004 -15"><span class='ocrx_word' id='word_1_13' title='bbox 403 759 590 836; x_wconf 74' lang='lat' dir='ltr'>commissa,</span> <span class='ocrx_word' id='word_1_14' title='bbox 609 756 809 841; x_wconf 77' lang='lat' dir='ltr'><strong>profectibus</strong></span> <span class='ocrx_word' id='word_1_15' title='bbox 834 757 934 822; x_wconf 83' lang='lat' dir='ltr'>veluti</span> <span class='ocrx_word' id='word_1_16' title='bbox 952 758 1097 824; x_wconf 84' lang='lat' dir='ltr'>solicitus</span> <span class='ocrx_word' id='word_1_17' title='bbox 1122 764 1227 842; x_wconf 81' lang='lat' dir='ltr'>pater,</span> <span class='ocrx_word' id='word_1_18' title='bbox 1245 758 1294 824; x_wconf 89' lang='lat' dir='ltr'>in·</span> <span class='ocrx_word' id='word_1_19' title='bbox 1345 769 1438 826; x_wconf 88' lang='lat' dir='ltr'>literas</span> <span class='ocrx_word' id='word_1_20' title='bbox 1455 786 1489 826; x_wconf 88' lang='lat' dir='ltr'>ex</span> <span class='ocrx_word' id='word_1_21' title='bbox 1511 772 1593 827; x_wconf 82' lang='lat' dir='ltr'>certis</span> <span class='ocrx_word' id='word_1_22' title='bbox 1609 759 1699 826; x_wconf 77' lang='lat' dir='ltr'>ciusis</span> <span class='ocrx_word' id='word_1_23' title='bbox 1721 778 1786 828; x_wconf 89' lang='lat' dir='ltr'>tunc</span> <span class='ocrx_word' id='word_1_24' title='bbox 1803 771 1838 828; x_wconf 87' lang='lat' dir='ltr'>ad</span> <span class='ocrx_word' id='word_1_25' title='bbox 1859 771 1887 826; x_wconf 92' lang='lat' dir='ltr'>id</span> <span class='ocrx_word' id='word_1_26' title='bbox 1904 779 2026 828; x_wconf 88' lang='lat' dir='ltr'>nostrum</span> <span class='ocrx_word' id='word_1_27' title='bbox 2046 774 2215 834; x_wconf 84' lang='lat' dir='ltr'>inducentibus</span> 
     </span>
     <span class='ocr_line' id='line_1_4' title="bbox 404 869 2217 954; baseline 0.006 -18"><span class='ocrx_word' id='word_1_28' title='bbox 404 871 512 936; x_wconf 88' lang='lat' dir='ltr'>tendit</span> <span class='ocrx_word' id='word_1_29' title='bbox 528 870 712 954; x_wconf 77' lang='lat' dir='ltr'><strong>potissime,</strong></span> <span class='ocrx_word' id='word_1_30' title='bbox 736 873 773 934; x_wconf 92' lang='lat' dir='ltr'>nt</span> <span class='ocrx_word' id='word_1_31' title='bbox 794 869 971 953; x_wconf 75' lang='lat' dir='ltr'>litigiorum</span> <span class='ocrx_word' id='word_1_32' title='bbox 990 875 1024 935; x_wconf 89' lang='lat' dir='ltr'>et</span> <span class='ocrx_word' id='word_1_33' title='bbox 1046 870 1228 954; x_wconf 84' lang='lat' dir='ltr'>jurgiorum</span> <span class='ocrx_word' id='word_1_34' title='bbox 1255 891 1295 936; x_wconf 88' lang='lat' dir='ltr'>ac</span> <span class='ocrx_word' id='word_1_35' title='bbox 1346 883 1461 938; x_wconf 84' lang='lat' dir='ltr'>animum</span> <span class='ocrx_word' id='word_1_36' title='bbox 1488 883 1620 938; x_wconf 82' lang='lat' dir='ltr'>indultum</span> <span class='ocrx_word' id='word_1_37' title='bbox 1641 885 1795 953; x_wconf 79' lang='lat' dir='ltr'>hujusmodi</span> <span class='ocrx_word' id='word_1_38' title='bbox 1818 891 1847 940; x_wconf 82' lang='lat' dir='ltr'>et</span> <span class='ocrx_word' id='word_1_39' title='bbox 1869 901 2026 954; x_wconf 80' lang='lat' dir='ltr'>quacunque</span> <span class='ocrx_word' id='word_1_40' title='bbox 2052 886 2110 944; x_wconf 86' lang='lat' dir='ltr'>iuda</span> <span class='ocrx_word' id='word_1_41' title='bbox 2135 899 2217 953; x_wconf 84' lang='lat' dir='ltr'>samu</span> 
     </span>
     <span class='ocr_line' id='line_1_5' title="bbox 314 980 2217 1066; baseline 0.006 -20"><span class='ocrx_word' id='word_1_42' title='bbox 314 1043 321 1056; x_wconf 74' lang='grc'><strong>,</strong></span> <span class='ocrx_word' id='word_1_43' title='bbox 404 981 636 1064; x_wconf 74' lang='lat' dir='ltr'>jambacionuri</span> <span class='ocrx_word' id='word_1_44' title='bbox 670 980 891 1064; x_wconf 86' lang='lat' dir='ltr'>quorumlibet</span> <span class='ocrx_word' id='word_1_45' title='bbox 923 981 1094 1065; x_wconf 88' lang='lat' dir='ltr'>dispendia</span> <span class='ocrx_word' id='word_1_46' title='bbox 1127 987 1294 1048; x_wconf 88' lang='lat' dir='ltr'>removeat</span> <span class='ocrx_word' id='word_1_47' title='bbox 1346 996 1507 1050; x_wconf 67' lang='lat' dir='ltr'>aucmenta</span> <span class='ocrx_word' id='word_1_48' title='bbox 1530 996 1680 1064; x_wconf 82' lang='lat' dir='ltr'>apostolica</span> <span class='ocrx_word' id='word_1_49' title='bbox 1698 997 1892 1066; x_wconf 72' lang='lat' dir='ltr'>revocavimus,</span> <span class='ocrx_word' id='word_1_50' title='bbox 1917 998 2077 1053; x_wconf 72' lang='lat' dir='ltr'>cassavimus</span> <span class='ocrx_word' id='word_1_51' title='bbox 2093 1006 2119 1054; x_wconf 90' lang='lat' dir='ltr'>et</span> <span class='ocrx_word' id='word_1_52' title='bbox 2139 1001 2217 1056; x_wconf 71' lang='lat' dir='ltr'>irum</span> 
     </span>
     <span class='ocr_line' id='line_1_6' title="bbox 399 1079 2219 1186; baseline 0.004 -26"><span class='ocrx_word' id='word_1_53' title='bbox 399 1093 447 1166; x_wconf 62' lang='lat' dir='ltr'>ab</span> <span class='ocrx_word' id='word_1_54' title='bbox 474 1093 609 1174; x_wconf 81' lang='lat' dir='ltr'>eisdem,</span> <span class='ocrx_word' id='word_1_55' title='bbox 628 1093 765 1184; x_wconf 73' lang='lat' dir='ltr'>studens</span> <span class='ocrx_word' id='word_1_56' title='bbox 788 1093 1014 1186; x_wconf 65' lang='lat' dir='ltr'>nichilominus</span> <span class='ocrx_word' id='word_1_57' title='bbox 1037 1096 1182 1178; x_wconf 84' lang='lat' dir='ltr'>ipsorum</span> <span class='ocrx_word' id='word_1_58' title='bbox 1207 1079 1293 1160; x_wconf 79' lang='lat' dir='ltr'>com·</span> <span class='ocrx_word' id='word_1_59' title='bbox 1346 1107 1444 1176; x_wconf 90' lang='lat' dir='ltr'>vimus,</span> <span class='ocrx_word' id='word_1_60' title='bbox 1462 1113 1489 1161; x_wconf 87' lang='lat' dir='ltr'>et</span> <span class='ocrx_word' id='word_1_61' title='bbox 1505 1108 1604 1163; x_wconf 89' lang='lat' dir='ltr'>nullius</span> <span class='ocrx_word' id='word_1_62' title='bbox 1622 1123 1681 1163; x_wconf 85' lang='lat' dir='ltr'>esse</span> <span class='ocrx_word' id='word_1_63' title='bbox 1698 1109 1828 1164; x_wconf 86' lang='lat' dir='ltr'>voluinrus</span> <span class='ocrx_word' id='word_1_64' title='bbox 1850 1109 1955 1165; x_wconf 85' lang='lat' dir='ltr'>roboris</span> <span class='ocrx_word' id='word_1_65' title='bbox 1973 1109 2015 1164; x_wconf 89' lang='lat' dir='ltr'>vel</span> <span class='ocrx_word' id='word_1_66' title='bbox 2035 1113 2160 1166; x_wconf 78' lang='lat' dir='ltr'>momenti.</span> <span class='ocrx_word' id='word_1_67' title='bbox 2185 1113 2219 1168; x_wconf 86' lang='lat' dir='ltr'>nt</span> 
     </span>
     <span class='ocr_line' id='line_1_7' title="bbox 319 1205 2218 1292; baseline 0.003 -20"><span class='ocrx_word' id='word_1_68' title='bbox 319 1241 321 1246; x_wconf 32' lang='lat' dir='ltr'>v</span> <span class='ocrx_word' id='word_1_69' title='bbox 405 1205 619 1272; x_wconf 82' lang='lat' dir='ltr'>meditatibus</span> <span class='ocrx_word' id='word_1_70' title='bbox 641 1225 782 1289; x_wconf 85' lang='lat' dir='ltr'>congrue</span> <span class='ocrx_word' id='word_1_71' title='bbox 800 1205 982 1286; x_wconf 82' lang='lat' dir='ltr'>consulere,</span> <span class='ocrx_word' id='word_1_72' title='bbox 1001 1207 1154 1291; x_wconf 81' lang='lat' dir='ltr'>ipsosque</span> <span class='ocrx_word' id='word_1_73' title='bbox 1173 1207 1207 1272; x_wconf 87' lang='lat' dir='ltr'>in</span> <span class='ocrx_word' id='word_1_74' title='bbox 1226 1206 1294 1270; x_wconf 91' lang='lat' dir='ltr'>uni·</span> <span class='ocrx_word' id='word_1_75' title='bbox 1346 1219 1540 1287; x_wconf 84' lang='lat' dir='ltr'>subsequenter</span> <span class='ocrx_word' id='word_1_76' title='bbox 1564 1236 1622 1292; x_wconf 82' lang='lat' dir='ltr'>pro,</span> <span class='ocrx_word' id='word_1_77' title='bbox 1638 1226 1716 1289; x_wconf 83' lang='lat' dir='ltr'>parte</span> <span class='ocrx_word' id='word_1_78' title='bbox 1734 1221 1947 1290; x_wconf 79' lang='lat' dir='ltr'>pmconsulnm,‹</span> <span class='ocrx_word' id='word_1_79' title='bbox 1961 1222 2097 1276; x_wconf 89' lang='lat' dir='ltr'>consulum</span> <span class='ocrx_word' id='word_1_80' title='bbox 2118 1238 2148 1278; x_wconf 83' lang='lat' dir='ltr'>uc</span> <span class='ocrx_word' id='word_1_81' title='bbox 2168 1226 2218 1278; x_wconf 88' lang='lat' dir='ltr'>uni·</span> 
     </span>
     <span class='ocr_line' id='line_1_8' title="bbox 404 1316 2220 1404; baseline 0.005 -21"><span class='ocrx_word' id='word_1_82' title='bbox 404 1318 484 1384; x_wconf 90' lang='lat' dir='ltr'>tatis</span> <span class='ocrx_word' id='word_1_83' title='bbox 515 1322 549 1382; x_wconf 89' lang='lat' dir='ltr'>et</span> <span class='ocrx_word' id='word_1_84' title='bbox 572 1317 744 1382; x_wconf 90' lang='lat' dir='ltr'>concordie</span> <span class='ocrx_word' id='word_1_85' title='bbox 768 1318 895 1384; x_wconf 70' lang='lat' dir='ltr'>maculo</span> <span class='ocrx_word' id='word_1_86' title='bbox 921 1322 1079 1402; x_wconf 89' lang='lat' dir='ltr'>quantum</span> <span class='ocrx_word' id='word_1_87' title='bbox 1100 1318 1162 1384; x_wconf 90' lang='lat' dir='ltr'>sibi</span> <span class='ocrx_word' id='word_1_88' title='bbox 1186 1323 1226 1382; x_wconf 87' lang='lat' dir='ltr'>eii</span> <span class='ocrx_word' id='word_1_89' title='bbox 1250 1316 1294 1382; x_wconf 68' lang='lat' dir='ltr'>alr</span> <span class='ocrx_word' id='word_1_90' title='bbox 1345 1331 1480 1385; x_wconf 76' lang='lat' dir='ltr'>versitatis</span> <span class='ocrx_word' id='word_1_91' title='bbox 1497 1331 1679 1400; x_wconf 80' lang='lat' dir='ltr'>predictorum</span> <span class='ocrx_word' id='word_1_92' title='bbox 1700 1332 1778 1387; x_wconf 85' lang='lat' dir='ltr'>nobis</span> <span class='ocrx_word' id='word_1_93' title='bbox 1795 1333 1932 1403; x_wconf 85' lang='lat' dir='ltr'>exposito,</span> <span class='ocrx_word' id='word_1_94' title='bbox 1950 1333 2023 1401; x_wconf 87' lang='lat' dir='ltr'>quod</span> <span class='ocrx_word' id='word_1_95' title='bbox 2045 1349 2093 1402; x_wconf 90' lang='lat' dir='ltr'>pro</span> <span class='ocrx_word' id='word_1_96' title='bbox 2109 1349 2139 1390; x_wconf 89' lang='lat' dir='ltr'>eo</span> <span class='ocrx_word' id='word_1_97' title='bbox 2155 1337 2220 1404; x_wconf 86' lang='lat' dir='ltr'>qaod</span> 
     </span>
     <span class='ocr_line' id='line_1_9' title="bbox 404 1429 2222 1520; baseline 0.004 -26"><span class='ocrx_word' id='word_1_98' title='bbox 404 1434 442 1496; x_wconf 87' lang='lat' dir='ltr'>to</span> <span class='ocrx_word' id='word_1_99' title='bbox 462 1429 664 1512; x_wconf 72' lang='lat' dir='ltr'>permittitur</span> <span class='ocrx_word' id='word_1_100' title='bbox 688 1429 842 1494; x_wconf 88' lang='lat' dir='ltr'>solertius</span> <span class='ocrx_word' id='word_1_101' title='bbox 869 1435 1076 1496; x_wconf 89' lang='lat' dir='ltr'>conservare.&#39;</span> <span class='ocrx_word' id='word_1_102' title='bbox 1121 1443 1230 1496; x_wconf 84' lang='lat' dir='ltr'>Dudum</span> <span class='ocrx_word' id='word_1_103' title='bbox 1256 1443 1293 1520; x_wconf 77' lang='lat' dir='ltr'>si·</span> <span class='ocrx_word' id='word_1_104' title='bbox 1345 1442 1494 1512; x_wconf 78' lang='lat' dir='ltr'>prodinunt</span> <span class='ocrx_word' id='word_1_105' title='bbox 1517 1443 1626 1512; x_wconf 84' lang='lat' dir='ltr'>opidum</span> <span class='ocrx_word' id='word_1_106' title='bbox 1650 1461 1668 1498; x_wconf 89' lang='lat' dir='ltr'>a</span> <span class='ocrx_word' id='word_1_107' title='bbox 1690 1444 1884 1499; x_wconf 82' lang='lat' dir='ltr'>thcsemensi</span> <span class='ocrx_word' id='word_1_108' title='bbox 1900 1443 1957 1499; x_wconf 86' lang='lat' dir='ltr'>iere</span> <span class='ocrx_word' id='word_1_109' title='bbox 1979 1459 2029 1514; x_wconf 85' lang='lat' dir='ltr'>per</span> <span class='ocrx_word' id='word_1_110' title='bbox 2051 1461 2140 1515; x_wconf 84' lang='lat' dir='ltr'>urim,</span> <span class='ocrx_word' id='word_1_111' title='bbox 2161 1453 2222 1502; x_wconf 86' lang='lat' dir='ltr'>ata</span> 
     </span>
     <span class='ocr_line' id='line_1_10' title="bbox 405 1551 2219 1628; baseline 0.002 -20"><span class='ocrx_word' id='word_1_112' title='bbox 405 1551 511 1622; x_wconf 91' lang='lat' dir='ltr'>quidem</span> <span class='ocrx_word' id='word_1_113' title='bbox 540 1567 589 1622; x_wconf 91' lang='lat' dir='ltr'>pro</span> <span class='ocrx_word' id='word_1_114' title='bbox 617 1557 695 1621; x_wconf 86' lang='lat' dir='ltr'>parte</span> <span class='ocrx_word' id='word_1_115' title='bbox 720 1551 876 1607; x_wconf 80' lang='lat' dir='ltr'>dicatorum</span> <span class='ocrx_word' id='word_1_116' title='bbox 908 1551 1024 1608; x_wconf 86' lang='lat' dir='ltr'>filiorum</span> <span class='ocrx_word' id='word_1_117' title='bbox 1051 1556 1242 1623; x_wconf 83' lang='lat' dir='ltr'>proconsulum</span> <span class='ocrx_word' id='word_1_118' title='bbox 1267 1561 1295 1610; x_wconf 92' lang='lat' dir='ltr'>et</span> <span class='ocrx_word' id='word_1_119' title='bbox 1346 1554 1566 1628; x_wconf 82' lang='lat' dir='ltr'>Haiberstadensi</span> <span class='ocrx_word' id='word_1_120' title='bbox 1589 1555 1741 1610; x_wconf 88' lang='lat' dir='ltr'>civitatibus</span> <span class='ocrx_word' id='word_1_121' title='bbox 1759 1556 1900 1626; x_wconf 79' lang='lat' dir='ltr'>predictis,</span> <span class='ocrx_word' id='word_1_122' title='bbox 1924 1557 2067 1626; x_wconf 90' lang='lat' dir='ltr'>inquibus</span> <span class='ocrx_word' id='word_1_123' title='bbox 2083 1557 2143 1612; x_wconf 83' lang='lat' dir='ltr'>dicti</span> <span class='ocrx_word' id='word_1_124' title='bbox 2158 1559 2219 1614; x_wconf 91' lang='lat' dir='ltr'>ordi·</span> 
     </span>
     <span class='ocr_line' id='line_1_11' title="bbox 404 1645 2222 1738; baseline 0.002 -17"><span class='ocrx_word' id='word_1_125' title='bbox 404 1665 545 1721; x_wconf 74' lang='lat' dir='ltr'>comum</span> <span class='ocrx_word' id='word_1_126' title='bbox 568 1676 601 1719; x_wconf 80' lang='lat' dir='ltr'>ac</span> <span class='ocrx_word' id='word_1_127' title='bbox 631 1664 813 1718; x_wconf 77' lang='lat' dir='ltr'>unveisans</span> <span class='ocrx_word' id='word_1_128' title='bbox 837 1663 910 1733; x_wconf 81' lang='lat' dir='ltr'>opidi</span> <span class='ocrx_word' id='word_1_129' title='bbox 934 1666 1160 1738; x_wconf 64' lang='lat' dir='ltr'>mererer,</span> <span class='ocrx_word' id='word_1_130' title='bbox 1181 1666 1294 1724; x_wconf 64' lang='lat' dir='ltr'>uuir</span> <span class='ocrx_word' id='word_1_131' title='bbox 1345 1669 1423 1738; x_wconf 80' lang='lat' dir='ltr'>rari,</span> <span class='ocrx_word' id='word_1_132' title='bbox 1439 1667 1619 1722; x_wconf 73' lang='lat' dir='ltr'>archidiaconi</span> <span class='ocrx_word' id='word_1_133' title='bbox 1637 1675 1664 1722; x_wconf 85' lang='lat' dir='ltr'>e</span> <span class='ocrx_word' id='word_1_134' title='bbox 1681 1667 1804 1723; x_wconf 78' lang='lat' dir='ltr'>cneum</span> <span class='ocrx_word' id='word_1_135' title='bbox 1822 1683 1897 1723; x_wconf 80' lang='lat' dir='ltr'>suam</span> <span class='ocrx_word' id='word_1_136' title='bbox 1910 1647 2122 1738; x_wconf 78' lang='lat' dir='ltr'>jusancucrcii</span> <span class='ocrx_word' id='word_1_137' title='bbox 2135 1645 2222 1725; x_wconf 72' lang='lat' dir='ltr'>exei-</span> 
     </span>
     <span class='ocr_line' id='line_1_12' title="bbox 406 1773 2223 1851; baseline 0.002 -18"><span class='ocrx_word' id='word_1_138' title='bbox 406 1777 540 1833; x_wconf 85' lang='lat' dir='ltr'>stadensis</span> <span class='ocrx_word' id='word_1_139' title='bbox 569 1781 597 1831; x_wconf 89' lang='lat' dir='ltr'>et</span> <span class='ocrx_word' id='word_1_140' title='bbox 624 1775 832 1830; x_wconf 84' lang='lat' dir='ltr'>Hildesemensis</span> <span class='ocrx_word' id='word_1_141' title='bbox 863 1775 1022 1848; x_wconf 69' lang='lat' dir='ltr'>docenium,</span> <span class='ocrx_word' id='word_1_142' title='bbox 1053 1780 1131 1834; x_wconf 91' lang='lat' dir='ltr'>nohis</span> <span class='ocrx_word' id='word_1_143' title='bbox 1161 1773 1296 1851; x_wconf 84' lang='lat' dir='ltr'>exposito,</span> <span class='ocrx_word' id='word_1_144' title='bbox 1346 1780 1472 1834; x_wconf 85' lang='lat' dir='ltr'>cebant</span> <span class='ocrx_word' id='word_1_145' title='bbox 1491 1795 1538 1834; x_wconf 92' lang='lat' dir='ltr'>seu</span> <span class='ocrx_word' id='word_1_146' title='bbox 1553 1795 1613 1834; x_wconf 82' lang='lat' dir='ltr'>sua</span> <span class='ocrx_word' id='word_1_147' title='bbox 1633 1780 1777 1835; x_wconf 83' lang='lat' dir='ltr'>tribunaha</span> <span class='ocrx_word' id='word_1_148' title='bbox 1799 1781 1963 1835; x_wconf 88' lang='lat' dir='ltr'>tenebant</span> <span class='ocrx_word' id='word_1_149' title='bbox 1985 1797 2037 1849; x_wconf 88' lang='lat' dir='ltr'>pro</span> <span class='ocrx_word' id='word_1_150' title='bbox 2058 1787 2183 1851; x_wconf 85' lang='lat' dir='ltr'>ternpore,</span> <span class='ocrx_word' id='word_1_151' title='bbox 2199 1791 2223 1837; x_wconf 90' lang='lat' dir='ltr'>et</span> 
     </span>
     <span class='ocr_line' id='line_1_13' title="bbox 405 1887 2223 1962; baseline 0.001 -17"><span class='ocrx_word' id='word_1_152' title='bbox 405 1888 478 1959; x_wconf 89' lang='lat' dir='ltr'>qnod</span> <span class='ocrx_word' id='word_1_153' title='bbox 495 1905 556 1944; x_wconf 90' lang='lat' dir='ltr'>cnm</span> <span class='ocrx_word' id='word_1_154' title='bbox 577 1888 629 1958; x_wconf 89' lang='lat' dir='ltr'>ipsi</span> <span class='ocrx_word' id='word_1_155' title='bbox 646 1893 674 1942; x_wconf 90' lang='lat' dir='ltr'>et</span> <span class='ocrx_word' id='word_1_156' title='bbox 699 1887 848 1956; x_wconf 75' lang='lat' dir='ltr'>singulares</span> <span class='ocrx_word' id='word_1_157' title='bbox 872 1901 988 1956; x_wconf 87' lang='lat' dir='ltr'>persone</span> <span class='ocrx_word' id='word_1_158' title='bbox 1005 1891 1144 1959; x_wconf 85' lang='lat' dir='ltr'>utriusque</span> <span class='ocrx_word' id='word_1_159' title='bbox 1160 1906 1243 1947; x_wconf 90' lang='lat' dir='ltr'>sexus</span> <span class='ocrx_word' id='word_1_160' title='bbox 1261 1906 1294 1946; x_wconf 84' lang='lat' dir='ltr'>ex</span> <span class='ocrx_word' id='word_1_161' title='bbox 1346 1891 1381 1946; x_wconf 87' lang='lat' dir='ltr'>ad</span> <span class='ocrx_word' id='word_1_162' title='bbox 1398 1907 1465 1959; x_wconf 87' lang='lat' dir='ltr'>quas</span> <span class='ocrx_word' id='word_1_163' title='bbox 1483 1890 1589 1960; x_wconf 87' lang='lat' dir='ltr'>quidem</span> <span class='ocrx_word' id='word_1_164' title='bbox 1606 1893 1725 1946; x_wconf 81' lang='lat' dir='ltr'>civitates</span> <span class='ocrx_word' id='word_1_165' title='bbox 1742 1891 1855 1961; x_wconf 86' lang='lat' dir='ltr'>predicti</span> <span class='ocrx_word' id='word_1_166' title='bbox 1872 1893 2056 1962; x_wconf 82' lang='lat' dir='ltr'>proconsules,</span> <span class='ocrx_word' id='word_1_167' title='bbox 2073 1893 2187 1948; x_wconf 86' lang='lat' dir='ltr'>consulat</span> <span class='ocrx_word' id='word_1_168' title='bbox 2199 1900 2223 1947; x_wconf 87' lang='lat' dir='ltr'>et</span> 
     </span>
     <span class='ocr_line' id='line_1_14' title="bbox 404 1979 2224 2073; baseline 0.002 -16"><span class='ocrx_word' id='word_1_169' title='bbox 404 1996 492 2057; x_wconf 85' lang='lat' dir='ltr'>dictu¹</span> <span class='ocrx_word' id='word_1_170' title='bbox 516 2000 690 2056; x_wconf 80' lang='lat' dir='ltr'>universitate</span> <span class='ocrx_word' id='word_1_171' title='bbox 711 2000 746 2054; x_wconf 91' lang='lat' dir='ltr'>ab</span> <span class='ocrx_word' id='word_1_172' title='bbox 771 1998 911 2054; x_wconf 88' lang='lat' dir='ltr'>ordinariis</span> <span class='ocrx_word' id='word_1_173' title='bbox 935 2015 1028 2056; x_wconf 90' lang='lat' dir='ltr'>eornm</span> <span class='ocrx_word' id='word_1_174' title='bbox 1051 2007 1079 2056; x_wconf 91' lang='lat' dir='ltr'>et</span> <span class='ocrx_word' id='word_1_175' title='bbox 1100 2003 1294 2059; x_wconf 88' lang='lat' dir='ltr'>archidiaconis</span> <span class='ocrx_word' id='word_1_176' title='bbox 1346 1979 1461 2072; x_wconf 86' lang='lat' dir='ltr'>persone¹</span> <span class='ocrx_word' id='word_1_177' title='bbox 1478 2019 1534 2072; x_wconf 61' lang='lat' dir='ltr'>per*</span> <span class='ocrx_word' id='word_1_178' title='bbox 1551 2004 1719 2072; x_wconf 77' lang='lat' dir='ltr'>ordinarios,</span> <span class='ocrx_word' id='word_1_179' title='bbox 1732 2003 1933 2059; x_wconf 82' lang='lat' dir='ltr'>archidiaconos</span> <span class='ocrx_word' id='word_1_180' title='bbox 1951 2011 1999 2060; x_wconf 88' lang='lat' dir='ltr'>aut</span> <span class='ocrx_word' id='word_1_181' title='bbox 2017 2003 2138 2062; x_wconf 85' lang='lat' dir='ltr'>officiales</span> <span class='ocrx_word' id='word_1_182' title='bbox 2158 2006 2224 2073; x_wconf 85' lang='lat' dir='ltr'>ipsos</span> 
     </span>
     <span class='ocr_line' id='line_1_15' title="bbox 403 2109 2223 2184; baseline 0.001 -15"><span class='ocrx_word' id='word_1_183' title='bbox 403 2113 457 2169; x_wconf 90' lang='lat' dir='ltr'>loci</span> <span class='ocrx_word' id='word_1_184' title='bbox 473 2118 502 2168; x_wconf 86' lang='lat' dir='ltr'>et</span> <span class='ocrx_word' id='word_1_185' title='bbox 517 2127 610 2167; x_wconf 86' lang='lat' dir='ltr'>eorum</span> <span class='ocrx_word' id='word_1_186' title='bbox 627 2109 783 2165; x_wconf 82' lang='lat' dir='ltr'>officialibus</span> <span class='ocrx_word' id='word_1_187' title='bbox 799 2111 982 2180; x_wconf 82' lang='lat' dir='ltr'>multipliciter</span> <span class='ocrx_word' id='word_1_188' title='bbox 999 2121 1162 2169; x_wconf 83' lang='lat' dir='ltr'>vexarentur</span> <span class='ocrx_word' id='word_1_189' title='bbox 1179 2123 1206 2170; x_wconf 91' lang='lat' dir='ltr'>et</span> <span class='ocrx_word' id='word_1_190' title='bbox 1218 2123 1295 2171; x_wconf 87' lang='lat' dir='ltr'>extra</span> <span class='ocrx_word' id='word_1_191' title='bbox 1345 2117 1374 2169; x_wconf 92' lang='lat' dir='ltr'>in</span> <span class='ocrx_word' id='word_1_192' title='bbox 1397 2117 1504 2170; x_wconf 87' lang='lat' dir='ltr'>casibus</span> <span class='ocrx_word' id='word_1_193' title='bbox 1527 2131 1574 2170; x_wconf 89' lang='lat' dir='ltr'>seu</span> <span class='ocrx_word' id='word_1_194' title='bbox 1598 2117 1686 2170; x_wconf 91' lang='lat' dir='ltr'>causis</span> <span class='ocrx_word' id='word_1_195' title='bbox 1709 2129 1822 2183; x_wconf 87' lang='lat' dir='ltr'>qnorum</span> <span class='ocrx_word' id='word_1_196' title='bbox 1845 2117 1963 2184; x_wconf 80' lang='lat' dir='ltr'>cognicio</span> <span class='ocrx_word' id='word_1_197' title='bbox 1987 2116 2022 2171; x_wconf 92' lang='lat' dir='ltr'>de</span> <span class='ocrx_word' id='word_1_198' title='bbox 2046 2116 2223 2172; x_wconf 67' lang='lat' dir='ltr'>consuetudine</span> 
     </span>
     <span class='ocr_line' id='line_1_16' title="bbox 404 2222 2224 2304; baseline 0.001 -24"><span class='ocrx_word' id='word_1_199' title='bbox 404 2225 505 2280; x_wconf 87' lang='lat' dir='ltr'>dictum</span> <span class='ocrx_word' id='word_1_200' title='bbox 522 2223 631 2293; x_wconf 87' lang='lat' dir='ltr'>opidum</span> <span class='ocrx_word' id='word_1_201' title='bbox 653 2222 744 2291; x_wconf 86' lang='lat' dir='ltr'>sepius</span> <span class='ocrx_word' id='word_1_202' title='bbox 761 2222 797 2276; x_wconf 89' lang='lat' dir='ltr'>ud</span> <span class='ocrx_word' id='word_1_203' title='bbox 817 2222 946 2290; x_wconf 88' lang='lat' dir='ltr'>judicium</span> <span class='ocrx_word' id='word_1_204' title='bbox 970 2226 1142 2280; x_wconf 84' lang='lat' dir='ltr'>traherentur</span> <span class='ocrx_word' id='word_1_205' title='bbox 1165 2228 1200 2282; x_wconf 88' lang='lat' dir='ltr'>ad</span> <span class='ocrx_word' id='word_1_206' title='bbox 1225 2245 1295 2283; x_wconf 90' lang='lat' dir='ltr'>com·</span> <span class='ocrx_word' id='word_1_207' title='bbox 1347 2230 1388 2284; x_wconf 90' lang='lat' dir='ltr'>vel</span> <span class='ocrx_word' id='word_1_208' title='bbox 1406 2229 1516 2297; x_wconf 85' lang='lat' dir='ltr'>dejure</span> <span class='ocrx_word' id='word_1_209' title='bbox 1533 2228 1568 2282; x_wconf 87' lang='lat' dir='ltr'>ud</span> <span class='ocrx_word' id='word_1_210' title='bbox 1586 2229 1870 2282; x_wconf 83' lang='lat' dir='ltr'>eoscommunitervel</span> <span class='ocrx_word' id='word_1_211' title='bbox 1888 2227 1988 2304; x_wconf 74' lang='lat' dir='ltr'>divisim</span> <span class='ocrx_word' id='word_1_212' title='bbox 2007 2227 2162 2297; x_wconf 78' lang='lat' dir='ltr'>pertmcbat,</span> <span class='ocrx_word' id='word_1_213' title='bbox 2179 2243 2224 2296; x_wconf 89' lang='lat' dir='ltr'>pro</span> 
     </span>
     <span class='ocr_line' id='line_1_17' title="bbox 403 2334 2224 2411; baseline 0.001 -20"><span class='ocrx_word' id='word_1_214' title='bbox 403 2335 552 2408; x_wconf 88' lang='lat' dir='ltr'>parendum</span> <span class='ocrx_word' id='word_1_215' title='bbox 577 2351 667 2390; x_wconf 89' lang='lat' dir='ltr'>coram</span> <span class='ocrx_word' id='word_1_216' title='bbox 692 2334 846 2405; x_wconf 85' lang='lat' dir='ltr'>ordinariis,</span> <span class='ocrx_word' id='word_1_217' title='bbox 872 2335 1066 2392; x_wconf 86' lang='lat' dir='ltr'>archidiaconis</span> <span class='ocrx_word' id='word_1_218' title='bbox 1090 2345 1116 2392; x_wconf 90' lang='lat' dir='ltr'>et</span> <span class='ocrx_word' id='word_1_219' title='bbox 1139 2339 1295 2396; x_wconf 82' lang='lat' dir='ltr'>officialibus</span> <span class='ocrx_word' id='word_1_220' title='bbox 1346 2340 1523 2411; x_wconf 75' lang='lat' dir='ltr'>temporead</span> <span class='ocrx_word' id='word_1_221' title='bbox 1537 2340 1666 2409; x_wconf 87' lang='lat' dir='ltr'>judicium</span> <span class='ocrx_word' id='word_1_222' title='bbox 1689 2341 1882 2409; x_wconf 79' lang='lat' dir='ltr'>evocabuntur,</span> <span class='ocrx_word' id='word_1_223' title='bbox 1900 2340 1971 2394; x_wconf 90' lang='lat' dir='ltr'>ultra</span> <span class='ocrx_word' id='word_1_224' title='bbox 1994 2355 2076 2394; x_wconf 89' lang='lat' dir='ltr'>unam</span> <span class='ocrx_word' id='word_1_225' title='bbox 2093 2339 2173 2394; x_wconf 87' lang='lat' dir='ltr'>distas</span> <span class='ocrx_word' id='word_1_226' title='bbox 2193 2338 2224 2392; x_wconf 92' lang='lat' dir='ltr'>le·</span> 
     </span>
     <span class='ocr_line' id='line_1_18' title="bbox 405 2431 2224 2523; baseline 0.001 -19"><span class='ocrx_word' id='word_1_227' title='bbox 405 2448 558 2517; x_wconf 78' lang='lat' dir='ltr'>antedictis,</span> <span class='ocrx_word' id='word_1_228' title='bbox 577 2453 604 2502; x_wconf 90' lang='lat' dir='ltr'>et</span> <span class='ocrx_word' id='word_1_229' title='bbox 627 2453 773 2516; x_wconf 86' lang='lat' dir='ltr'>propterea</span> <span class='ocrx_word' id='word_1_230' title='bbox 790 2449 908 2502; x_wconf 91' lang='lat' dir='ltr'>enormia</span> <span class='ocrx_word' id='word_1_231' title='bbox 926 2447 1054 2503; x_wconf 89' lang='lat' dir='ltr'>scandala</span> <span class='ocrx_word' id='word_1_232' title='bbox 1073 2451 1156 2504; x_wconf 87' lang='lat' dir='ltr'>eciam</span> <span class='ocrx_word' id='word_1_233' title='bbox 1173 2452 1295 2510; x_wconf 89' lang='lat' dir='ltr'>muliebri</span> <span class='ocrx_word' id='word_1_234' title='bbox 1346 2455 1420 2523; x_wconf 76' lang='lat' dir='ltr'>galas</span> <span class='ocrx_word' id='word_1_235' title='bbox 1433 2455 1536 2508; x_wconf 85' lang='lat' dir='ltr'>notorie</span> <span class='ocrx_word' id='word_1_236' title='bbox 1553 2453 1673 2520; x_wconf 90' lang='lat' dir='ltr'>distaret,</span> <span class='ocrx_word' id='word_1_237' title='bbox 1687 2459 1715 2506; x_wconf 89' lang='lat' dir='ltr'>et</span> <span class='ocrx_word' id='word_1_238' title='bbox 1731 2452 1891 2519; x_wconf 89' lang='lat' dir='ltr'>quandoque</span> <span class='ocrx_word' id='word_1_239' title='bbox 1903 2431 2071 2520; x_wconf 77' lang='lat' dir='ltr'>contingeret</span> <span class='ocrx_word' id='word_1_240' title='bbox 2081 2451 2159 2505; x_wconf 89' lang='lat' dir='ltr'>eciam</span> <span class='ocrx_word' id='word_1_241' title='bbox 2170 2466 2224 2518; x_wconf 78' lang='lat' dir='ltr'>pm·</span> 
     </span>
     <span class='ocr_line' id='line_1_19' title="bbox 405 2559 2227 2656; baseline -0.001 -40"><span class='ocrx_word' id='word_1_242' title='bbox 405 2562 481 2616; x_wconf 89' lang='lat' dir='ltr'>sexui</span> <span class='ocrx_word' id='word_1_243' title='bbox 499 2560 617 2628; x_wconf 78' lang='lat' dir='ltr'>ejusdem</span> <span class='ocrx_word' id='word_1_244' title='bbox 635 2559 721 2628; x_wconf 91' lang='lat' dir='ltr'>opidi,</span> <span class='ocrx_word' id='word_1_245' title='bbox 739 2575 770 2613; x_wconf 91' lang='lat' dir='ltr'>ac</span> <span class='ocrx_word' id='word_1_246' title='bbox 788 2559 887 2614; x_wconf 88' lang='lat' dir='ltr'>eisdem</span> <span class='ocrx_word' id='word_1_247' title='bbox 904 2561 1123 2632; x_wconf 89' lang='lat' dir='ltr'>proconsulibus,</span> <span class='ocrx_word' id='word_1_248' title='bbox 1141 2564 1295 2620; x_wconf 84' lang='lat' dir='ltr'>consulibus</span> <span class='ocrx_word' id='word_1_249' title='bbox 1346 2574 1408 2637; x_wconf 88' lang='lat' dir='ltr'>pter</span> <span class='ocrx_word' id='word_1_250' title='bbox 1424 2566 1582 2620; x_wconf 89' lang='lat' dir='ltr'>indiscretos</span> <span class='ocrx_word' id='word_1_251' title='bbox 1599 2565 1741 2620; x_wconf 87' lang='lat' dir='ltr'>citaciones</span> <span class='ocrx_word' id='word_1_252' title='bbox 1759 2571 1787 2619; x_wconf 90' lang='lat' dir='ltr'>et</span> <span class='ocrx_word' id='word_1_253' title='bbox 1802 2578 2047 2656; x_wconf 45' lang='lat' dir='ltr'>processuquuos</span> <span class='ocrx_word' id='word_1_254' title='bbox 2065 2562 2227 2617; x_wconf 88' lang='lat' dir='ltr'>iaciebant</span> 
     </span>
    </p>
   </div>
   <div class='ocr_carea' id='block_1_3' title="bbox 405 2671 2225 2749">
    <p class='ocr_par' dir='ltr' id='par_1_3' title="bbox 405 2671 2225 2749">
     <span class='ocr_line' id='line_1_20' title="bbox 405 2671 2225 2749; baseline 0 -21"><span class='ocrx_word' id='word_1_255' title='bbox 405 2679 434 2728; x_wconf 86' lang='lat' dir='ltr'>et</span> <span class='ocrx_word' id='word_1_256' title='bbox 449 2672 615 2727; x_wconf 75' lang='lat' dir='ltr'>universitati</span> <span class='ocrx_word' id='word_1_257' title='bbox 632 2687 664 2724; x_wconf 86' lang='lat' dir='ltr'>uc</span> <span class='ocrx_word' id='word_1_258' title='bbox 681 2671 804 2738; x_wconf 85' lang='lat' dir='ltr'>personis</span> <span class='ocrx_word' id='word_1_259' title='bbox 820 2671 927 2725; x_wconf 87' lang='lat' dir='ltr'>inutiles</span> <span class='ocrx_word' id='word_1_260' title='bbox 946 2688 1062 2742; x_wconf 88' lang='lat' dir='ltr'>expense</span> <span class='ocrx_word' id='word_1_261' title='bbox 1079 2680 1107 2728; x_wconf 90' lang='lat' dir='ltr'>et</span> <span class='ocrx_word' id='word_1_262' title='bbox 1125 2675 1240 2744; x_wconf 87' lang='lat' dir='ltr'>dampna</span> <span class='ocrx_word' id='word_1_263' title='bbox 1256 2678 1295 2731; x_wconf 91' lang='lat' dir='ltr'>in·</span> <span class='ocrx_word' id='word_1_264' title='bbox 1347 2679 1474 2749; x_wconf 87' lang='lat' dir='ltr'>sepedicti</span> <span class='ocrx_word' id='word_1_265' title='bbox 1502 2678 1643 2746; x_wconf 86' lang='lat' dir='ltr'>ordinarii,</span> <span class='ocrx_word' id='word_1_266' title='bbox 1668 2676 1849 2731; x_wconf 77' lang='lat' dir='ltr'>archidiaconi</span> <span class='ocrx_word' id='word_1_267' title='bbox 1872 2691 1920 2730; x_wconf 91' lang='lat' dir='ltr'>seu</span> <span class='ocrx_word' id='word_1_268' title='bbox 1945 2674 2074 2730; x_wconf 87' lang='lat' dir='ltr'>officiales</span> <span class='ocrx_word' id='word_1_269' title='bbox 2098 2691 2146 2743; x_wconf 92' lang='lat' dir='ltr'>pro</span> <span class='ocrx_word' id='word_1_270' title='bbox 2168 2679 2225 2728; x_wconf 85' lang='lat' dir='ltr'>tem·</span> 
     </span>
    </p>
   </div>
   <div class='ocr_carea' id='block_1_4' title="bbox 402 2777 1303 3192">
    <p class='ocr_par' dir='ltr' id='par_1_4' title="bbox 402 2777 1303 3192">
     <span class='ocr_line' id='line_1_21' title="bbox 402 2777 1303 2856; baseline 0.003 -17"><span class='ocrx_word' id='word_1_271' title='bbox 402 2783 563 2839; x_wconf 88' lang='lat' dir='ltr'>tollerabilia</span> <span class='ocrx_word' id='word_1_272' title='bbox 586 2782 757 2850; x_wconf 81' lang='lat' dir='ltr'>frequencius</span> <span class='ocrx_word' id='word_1_273' title='bbox 776 2777 1034 2856; x_wconf 27' lang='lat' dir='ltr'>,subsequebantun&#39;</span> <span class='ocrx_word' id='word_1_274' title='bbox 1052 2791 1079 2840; x_wconf 92' lang='lat' dir='ltr'>et</span> <span class='ocrx_word' id='word_1_275' title='bbox 1095 2789 1224 2856; x_wconf 76' lang='lat' dir='ltr'>nonnulla</span> <span class='ocrx_word' id='word_1_276' title='bbox 1247 2789 1303 2844; x_wconf 91' lang='lat' dir='ltr'>ho·.</span> 
     </span>
     <span class='ocr_line' id='line_1_22' title="bbox 404 2894 1294 2968; baseline -0.009 -18"><span class='ocrx_word' id='word_1_277' title='bbox 404 2895 509 2950; x_wconf 86' lang='lat' dir='ltr'>inicidia</span> <span class='ocrx_word' id='word_1_278' title='bbox 526 2894 716 2964; x_wconf 88' lang='lat' dir='ltr'>premissorum</span> <span class='ocrx_word' id='word_1_279' title='bbox 734 2896 874 2950; x_wconf 90' lang='lat' dir='ltr'>occasione</span> <span class='ocrx_word' id='word_1_280' title='bbox 892 2897 1052 2965; x_wconf 85' lang='lat' dir='ltr'>quandoque</span> <span class='ocrx_word' id='word_1_281' title='bbox 1069 2907 1226 2968; x_wconf 86' lang='lat' dir='ltr'>perpetrata</span> <span class='ocrx_word' id='word_1_282' title='bbox 1238 2901 1294 2956; x_wconf 86' lang='lat' dir='ltr'>lue.</span> 
     </span>
     <span class='ocr_line' id='line_1_23' title="bbox 404 3005 1295 3077; baseline 0.007 -15"><span class='ocrx_word' id='word_1_283' title='bbox 404 3012 480 3062; x_wconf 88' lang='lat' dir='ltr'>rant:</span> <span class='ocrx_word' id='word_1_284' title='bbox 498 3023 548 3062; x_wconf 90' lang='lat' dir='ltr'>nos</span> <span class='ocrx_word' id='word_1_285' title='bbox 565 3005 665 3061; x_wconf 88' lang='lat' dir='ltr'>eisdem</span> <span class='ocrx_word' id='word_1_286' title='bbox 682 3007 895 3077; x_wconf 87' lang='lat' dir='ltr'>proconsulibus,</span> <span class='ocrx_word' id='word_1_287' title='bbox 914 3010 1067 3064; x_wconf 88' lang='lat' dir='ltr'>consulibus</span> <span class='ocrx_word' id='word_1_288' title='bbox 1085 3016 1112 3065; x_wconf 89' lang='lat' dir='ltr'>et</span> <span class='ocrx_word' id='word_1_289' title='bbox 1128 3012 1295 3068; x_wconf 78' lang='lat' dir='ltr'>universitati</span> 
     </span>
     <span class='ocr_line' id='line_1_24' title="bbox 404 3118 1295 3192; baseline 0.007 -18"><span class='ocrx_word' id='word_1_290' title='bbox 404 3135 455 3189; x_wconf 86' lang='lat' dir='ltr'>per</span> <span class='ocrx_word' id='word_1_291' title='bbox 471 3119 563 3174; x_wconf 86' lang='lat' dir='ltr'>literas</span> <span class='ocrx_word' id='word_1_292' title='bbox 573 3124 681 3173; x_wconf 87' lang='lat' dir='ltr'>nostras</span> <span class='ocrx_word' id='word_1_293' title='bbox 694 3118 818 3174; x_wconf 87' lang='lat' dir='ltr'>duximus</span> <span class='ocrx_word' id='word_1_294' title='bbox 833 3119 1029 3190; x_wconf 83' lang='lat' dir='ltr'>indulgendum,</span> <span class='ocrx_word' id='word_1_295' title='bbox 1048 3129 1079 3176; x_wconf 89' lang='lat' dir='ltr'>ut</span> <span class='ocrx_word' id='word_1_296' title='bbox 1097 3123 1149 3192; x_wconf 88' lang='lat' dir='ltr'>ipsi</span> <span class='ocrx_word' id='word_1_297' title='bbox 1161 3140 1193 3178; x_wconf 89' lang='lat' dir='ltr'>ac</span> <span class='ocrx_word' id='word_1_298' title='bbox 1212 3127 1295 3180; x_wconf 75' lang='lat' dir='ltr'>edam</span> 
     </span>
    </p>
   </div>
   <div class='ocr_carea' id='block_1_5' title="bbox 405 3205 1295 3641">
    <p class='ocr_par' dir='ltr' id='par_1_5' title="bbox 405 3205 1295 3641">
     <span class='ocr_line' id='line_1_25' title="bbox 405 3205 1294 3305; baseline 0.007 -19"><span class='ocrx_word' id='word_1_299' title='bbox 405 3246 521 3302; x_wconf 86' lang='lat' dir='ltr'>persone</span> <span class='ocrx_word' id='word_1_300' title='bbox 538 3231 565 3284; x_wconf 92' lang='lat' dir='ltr'>in</span> <span class='ocrx_word' id='word_1_301' title='bbox 582 3230 654 3286; x_wconf 87' lang='lat' dir='ltr'>rh&#39;cto</span> <span class='ocrx_word' id='word_1_302' title='bbox 672 3230 753 3300; x_wconf 91' lang='lat' dir='ltr'>opido</span> <span class='ocrx_word' id='word_1_303' title='bbox 777 3247 829 3300; x_wconf 89' lang='lat' dir='ltr'>pro</span> <span class='ocrx_word' id='word_1_304' title='bbox 852 3238 973 3300; x_wconf 86' lang='lat' dir='ltr'>tempore</span> <span class='ocrx_word' id='word_1_305' title='bbox 990 3205 1187 3290; x_wconf 78' lang='lat' dir='ltr'>commorantes</span> <span class='ocrx_word' id='word_1_306' title='bbox 1203 3238 1294 3305; x_wconf 91' lang='lat' dir='ltr'>nequi·</span> 
     </span>
     <span class='ocr_line' id='line_1_26' title="bbox 407 3321 1295 3414; baseline 0.007 -16"><span class='ocrx_word' id='word_1_307' title='bbox 407 3349 477 3406; x_wconf 82' lang='lat' dir='ltr'>rent.</span> <span class='ocrx_word' id='word_1_308' title='bbox 491 3334 580 3412; x_wconf 78' lang='lat' dir='ltr'>[per]‘²</span> <span class='ocrx_word' id='word_1_309' title='bbox 597 3321 734 3396; x_wconf 83' lang='lat' dir='ltr'>literarum</span> <span class='ocrx_word' id='word_1_310' title='bbox 756 3343 963 3411; x_wconf 89' lang='lat' dir='ltr'>apostolicarum</span> <span class='ocrx_word' id='word_1_311' title='bbox 982 3359 1031 3412; x_wconf 81' lang='lat' dir='ltr'>seu</span> <span class='ocrx_word' id='word_1_312' title='bbox 1053 3345 1201 3414; x_wconf 80' lang='lat' dir='ltr'>legatorum</span> <span class='ocrx_word' id='word_1_313' title='bbox 1224 3348 1295 3404; x_wconf 88' lang='lat' dir='ltr'>sedis</span> 
     </span>
     <span class='ocr_line' id='line_1_27' title="bbox 406 3454 1294 3530; baseline 0.003 -19"><span class='ocrx_word' id='word_1_314' title='bbox 406 3454 554 3524; x_wconf 83' lang='lat' dir='ltr'>apostolice</span> <span class='ocrx_word' id='word_1_315' title='bbox 571 3455 781 3524; x_wconf 86' lang='lat' dir='ltr'>impetraturum,</span> <span class='ocrx_word' id='word_1_316' title='bbox 799 3469 849 3524; x_wconf 86' lang='lat' dir='ltr'>per</span> <span class='ocrx_word' id='word_1_317' title='bbox 866 3470 933 3522; x_wconf 88' lang='lat' dir='ltr'>qaas</span> <span class='ocrx_word' id='word_1_318' title='bbox 950 3457 1069 3530; x_wconf 78' lang='lat' dir='ltr'>nopdnm</span> <span class='ocrx_word' id='word_1_319' title='bbox 1086 3457 1122 3511; x_wconf 91' lang='lat' dir='ltr'>ad</span> <span class='ocrx_word' id='word_1_320' title='bbox 1139 3459 1294 3514; x_wconf 82' lang='lat' dir='ltr'>citationem</span> 
     </span>
     <span class='ocr_line' id='line_1_28' title="bbox 406 3567 1295 3641; baseline 0.007 -20"><span class='ocrx_word' id='word_1_321' title='bbox 406 3568 526 3638; x_wconf 89' lang='lat' dir='ltr'>parcium</span> <span class='ocrx_word' id='word_1_322' title='bbox 542 3573 614 3622; x_wconf 72' lang='lat' dir='ltr'>meet</span> <span class='ocrx_word' id='word_1_323' title='bbox 629 3582 791 3636; x_wconf 82' lang='lat' dir='ltr'>processum,</span> <span class='ocrx_word' id='word_1_324' title='bbox 810 3581 858 3622; x_wconf 87' lang='lat' dir='ltr'>seu</span> <span class='ocrx_word' id='word_1_325' title='bbox 878 3567 961 3621; x_wconf 87' lang='lat' dir='ltr'>eciam</span> <span class='ocrx_word' id='word_1_326' title='bbox 977 3569 1213 3641; x_wconf 88' lang='lat' dir='ltr'>impetrandarum,</span> <span class='ocrx_word' id='word_1_327' title='bbox 1229 3587 1295 3639; x_wconf 88' lang='lat' dir='ltr'>quo·</span> 
     </span>
    </p>
   </div>
   <div class='ocr_carea' id='block_1_6' title="bbox 405 3679 1296 3864">
    <p class='ocr_par' dir='ltr' id='par_1_6' title="bbox 405 3679 1296 3864">
     <span class='ocr_line' id='line_1_29' title="bbox 405 3679 1296 3751; baseline 0.002 -15"><span class='ocrx_word' id='word_1_328' title='bbox 405 3695 570 3747; x_wconf 88' lang='lat' dir='ltr'>rumcunque</span> <span class='ocrx_word' id='word_1_329' title='bbox 591 3685 716 3736; x_wconf 85' lang='lat' dir='ltr'>tenorum</span> <span class='ocrx_word' id='word_1_330' title='bbox 740 3680 898 3750; x_wconf 85' lang='lat' dir='ltr'>existerent,</span> <span class='ocrx_word' id='word_1_331' title='bbox 915 3695 971 3734; x_wconf 90' lang='lat' dir='ltr'>non</span> <span class='ocrx_word' id='word_1_332' title='bbox 993 3679 1120 3744; x_wconf 77' lang='lat' dir='ltr'>faciemus</span> <span class='ocrx_word' id='word_1_333' title='bbox 1145 3683 1251 3751; x_wconf 90' lang='lat' dir='ltr'>plenam</span> <span class='ocrx_word' id='word_1_334' title='bbox 1268 3691 1296 3738; x_wconf 85' lang='lat' dir='ltr'>et</span> 
     </span>
     <span class='ocr_line' id='line_1_30' title="bbox 406 3790 1295 3864; baseline 0.003 -17"><span class='ocrx_word' id='word_1_335' title='bbox 406 3803 561 3861; x_wconf 85' lang='lat' dir='ltr'>expressam</span> <span class='ocrx_word' id='word_1_336' title='bbox 579 3807 611 3845; x_wconf 88' lang='lat' dir='ltr'>ac</span> <span class='ocrx_word' id='word_1_337' title='bbox 629 3790 662 3845; x_wconf 92' lang='lat' dir='ltr'>de</span> <span class='ocrx_word' id='word_1_338' title='bbox 679 3791 760 3846; x_wconf 92' lang='lat' dir='ltr'>verbo</span> <span class='ocrx_word' id='word_1_339' title='bbox 778 3791 813 3846; x_wconf 91' lang='lat' dir='ltr'>ad</span> <span class='ocrx_word' id='word_1_340' title='bbox 837 3791 947 3846; x_wconf 87' lang='lat' dir='ltr'>verbnm</span> <span class='ocrx_word' id='word_1_341' title='bbox 964 3791 998 3846; x_wconf 88' lang='lat' dir='ltr'>de</span> <span class='ocrx_word' id='word_1_342' title='bbox 1021 3791 1129 3864; x_wconf 85' lang='lat' dir='ltr'>indulto¹</span> <span class='ocrx_word' id='word_1_343' title='bbox 1142 3793 1295 3862; x_wconf 77' lang='lat' dir='ltr'>hujusmodi</span> 
     </span>
    </p>
   </div>
   <div class='ocr_carea' id='block_1_7' title="bbox 297 3903 1294 3973">
    <p class='ocr_par' dir='ltr' id='par_1_7' title="bbox 297 3903 1294 3973">
     <span class='ocr_line' id='line_1_31' title="bbox 297 3903 1294 3973; baseline 0.004 -16"><span class='ocrx_word' id='word_1_344' title='bbox 297 3939 301 3948; x_wconf 88' lang='lat'><em>-</em></span> <span class='ocrx_word' id='word_1_345' title='bbox 404 3904 580 3972; x_wconf 85' lang='lat' dir='ltr'>mencionem,</span> <span class='ocrx_word' id='word_1_346' title='bbox 598 3918 646 3957; x_wconf 91' lang='lat' dir='ltr'>sen</span> <span class='ocrx_word' id='word_1_347' title='bbox 670 3903 878 3973; x_wconf 80' lang='lat' dir='ltr'>ordinariorum,</span> <span class='ocrx_word' id='word_1_348' title='bbox 896 3903 1144 3960; x_wconf 87' lang='lat' dir='ltr'>archidiaconorum</span> <span class='ocrx_word' id='word_1_349' title='bbox 1169 3913 1216 3960; x_wconf 90' lang='lat' dir='ltr'>aut</span> <span class='ocrx_word' id='word_1_350' title='bbox 1240 3906 1294 3961; x_wconf 88' lang='lat' dir='ltr'>offi-</span> 
     </span>
    </p>
   </div>
   <div class='ocr_carea' id='block_1_8' title="bbox 363 4013 1293 4312">
    <p class='ocr_par' dir='ltr' id='par_1_8' title="bbox 363 4013 1293 4312">
     <span class='ocr_line' id='line_1_32' title="bbox 405 4013 1293 4086; baseline 0.005 -17"><span class='ocrx_word' id='word_1_351' title='bbox 405 4015 510 4070; x_wconf 86' lang='lat' dir='ltr'>cialium</span> <span class='ocrx_word' id='word_1_352' title='bbox 527 4013 693 4084; x_wconf 80' lang='lat' dir='ltr'>prefatorum</span> <span class='ocrx_word' id='word_1_353' title='bbox 709 4015 868 4070; x_wconf 78' lang='lat' dir='ltr'>auctoritate</span> <span class='ocrx_word' id='word_1_354' title='bbox 885 4022 963 4071; x_wconf 85' lang='lat' dir='ltr'>extra</span> <span class='ocrx_word' id='word_1_355' title='bbox 983 4015 1084 4070; x_wconf 82' lang='lat' dir='ltr'>dictum</span> <span class='ocrx_word' id='word_1_356' title='bbox 1103 4016 1211 4086; x_wconf 92' lang='lat' dir='ltr'>opidum</span> <span class='ocrx_word' id='word_1_357' title='bbox 1231 4034 1293 4073; x_wconf 90' lang='lat' dir='ltr'>con·</span> 
     </span>
     <span class='ocr_line' id='line_1_33' title="bbox 403 4124 1293 4198; baseline 0.003 -16"><span class='ocrx_word' id='word_1_358' title='bbox 403 4128 487 4182; x_wconf 89' lang='lat' dir='ltr'>veniri</span> <span class='ocrx_word' id='word_1_359' title='bbox 507 4128 550 4182; x_wconf 92' lang='lat' dir='ltr'>vel</span> <span class='ocrx_word' id='word_1_360' title='bbox 572 4127 656 4196; x_wconf 84' lang='lat' dir='ltr'>trabi,</span> <span class='ocrx_word' id='word_1_361' title='bbox 681 4124 823 4182; x_wconf 89' lang='lat' dir='ltr'>dummodo</span> <span class='ocrx_word' id='word_1_362' title='bbox 846 4124 916 4180; x_wconf 84' lang='lat' dir='ltr'>inira</span> <span class='ocrx_word' id='word_1_363' title='bbox 938 4128 1025 4196; x_wconf 92' lang='lat' dir='ltr'>ipsum</span> <span class='ocrx_word' id='word_1_364' title='bbox 1049 4128 1155 4196; x_wconf 90' lang='lat' dir='ltr'>opidum</span> <span class='ocrx_word' id='word_1_365' title='bbox 1180 4146 1293 4198; x_wconf 89' lang='lat' dir='ltr'>procon-</span> 
     </span>
     <span class='ocr_line' id='line_1_34' title="bbox 363 4223 1293 4312; baseline 0.003 -19"><span class='ocrx_word' id='word_1_366' title='bbox 363 4223 370 4232; x_wconf 68' lang='grc'><strong>’</strong></span> <span class='ocrx_word' id='word_1_367' title='bbox 404 4239 490 4309; x_wconf 87' lang='lat' dir='ltr'>sulas,</span> <span class='ocrx_word' id='word_1_368' title='bbox 513 4239 649 4307; x_wconf 89' lang='lat' dir='ltr'>consules,</span> <span class='ocrx_word' id='word_1_369' title='bbox 673 4238 832 4292; x_wconf 85' lang='lat' dir='ltr'>universitas</span> <span class='ocrx_word' id='word_1_370' title='bbox 850 4247 877 4292; x_wconf 89' lang='lat' dir='ltr'>et</span> <span class='ocrx_word' id='word_1_371' title='bbox 899 4253 1014 4312; x_wconf 81' lang='lat' dir='ltr'>persone</span> <span class='ocrx_word' id='word_1_372' title='bbox 1031 4239 1185 4308; x_wconf 79' lang='lat' dir='ltr'>hujusmodi</span> <span class='ocrx_word' id='word_1_373' title='bbox 1204 4249 1293 4296; x_wconf 90' lang='lat' dir='ltr'>essent</span> 
     </span>
    </p>
   </div>
   <div class='ocr_carea' id='block_1_9' title="bbox 1345 2787 2264 4314">
    <p class='ocr_par' dir='ltr' id='par_1_9' title="bbox 1345 2787 2264 4314">
     <span class='ocr_line' id='line_1_35' title="bbox 1346 2787 2226 2873; baseline -0.009 -27"><span class='ocrx_word' id='word_1_374' title='bbox 1346 2807 1428 2862; x_wconf 87' lang='lat' dir='ltr'>pore,</span> <span class='ocrx_word' id='word_1_375' title='bbox 1446 2789 1519 2859; x_wconf 89' lang='lat' dir='ltr'>quod</span> <span class='ocrx_word' id='word_1_376' title='bbox 1535 2788 1688 2860; x_wconf 83' lang='lat' dir='ltr'>hujusmodi</span> <span class='ocrx_word' id='word_1_377' title='bbox 1704 2787 1854 2869; x_wconf 78' lang='lat' dir='ltr'>homicidia,</span> <span class='ocrx_word' id='word_1_378' title='bbox 1876 2789 1979 2873; x_wconf 83' lang='lat' dir='ltr'>necnob</span> <span class='ocrx_word' id='word_1_379' title='bbox 2003 2801 2142 2853; x_wconf 86' lang='lat' dir='ltr'>rancores,</span> <span class='ocrx_word' id='word_1_380' title='bbox 2158 2799 2226 2839; x_wconf 89' lang='lat' dir='ltr'>scan-</span> 
     </span>
     <span class='ocr_line' id='line_1_36' title="bbox 1347 2877 2225 2969; baseline -0.011 -11"><span class='ocrx_word' id='word_1_381' title='bbox 1347 2903 1409 2958; x_wconf 87' lang='lat' dir='ltr'>dala</span> <span class='ocrx_word' id='word_1_382' title='bbox 1436 2877 1533 2958; x_wconf 70' lang='lat' dir='ltr'>amul</span> <span class='ocrx_word' id='word_1_383' title='bbox 1549 2901 1668 2957; x_wconf 79' lang='lat' dir='ltr'>enormia</span> <span class='ocrx_word' id='word_1_384' title='bbox 1690 2901 1805 2969; x_wconf 89' lang='lat' dir='ltr'>plurima</span> <span class='ocrx_word' id='word_1_385' title='bbox 1827 2904 1917 2954; x_wconf 86' lang='lat' dir='ltr'>essent</span> <span class='ocrx_word' id='word_1_386' title='bbox 1938 2906 2037 2954; x_wconf 89' lang='lat' dir='ltr'>exorta</span> <span class='ocrx_word' id='word_1_387' title='bbox 2060 2905 2086 2953; x_wconf 89' lang='lat' dir='ltr'>et</span> <span class='ocrx_word' id='word_1_388' title='bbox 2112 2897 2225 2951; x_wconf 87' lang='lat' dir='ltr'>susscitu·</span> 
     </span>
     <span class='ocr_line' id='line_1_37' title="bbox 1346 2979 2228 3084; baseline -0.011 -14"><span class='ocrx_word' id='word_1_389' title='bbox 1346 3022 1447 3084; x_wconf 88' lang='lat' dir='ltr'>rentur,</span> <span class='ocrx_word' id='word_1_390' title='bbox 1465 3019 1492 3069; x_wconf 89' lang='lat' dir='ltr'>et</span> <span class='ocrx_word' id='word_1_391' title='bbox 1508 3012 1585 3068; x_wconf 86' lang='lat' dir='ltr'>valde</span> <span class='ocrx_word' id='word_1_392' title='bbox 1607 3029 1750 3068; x_wconf 89' lang='lat' dir='ltr'>onerosum</span> <span class='ocrx_word' id='word_1_393' title='bbox 1766 3019 1838 3067; x_wconf 87' lang='lat' dir='ltr'>essct</span> <span class='ocrx_word' id='word_1_394' title='bbox 1853 3011 2069 3080; x_wconf 86' lang='lat' dir='ltr'>proconsulibus,</span> <span class='ocrx_word' id='word_1_395' title='bbox 2086 2979 2228 3064; x_wconf 87' lang='lat' dir='ltr'>consulibus</span> 
     </span>
     <span class='ocr_line' id='line_1_38' title="bbox 1347 3119 2228 3194; baseline -0.01 -12"><span class='ocrx_word' id='word_1_396' title='bbox 1347 3143 1395 3182; x_wconf 88' lang='lat' dir='ltr'>seu</span> <span class='ocrx_word' id='word_1_397' title='bbox 1406 3119 1589 3181; x_wconf 80' lang='lat' dir='ltr'>universitati⁴</span> <span class='ocrx_word' id='word_1_398' title='bbox 1605 3123 1732 3194; x_wconf 87' lang='lat' dir='ltr'>predictis</span> <span class='ocrx_word' id='word_1_399' title='bbox 1742 3124 1769 3176; x_wconf 90' lang='lat' dir='ltr'>in</span> <span class='ocrx_word' id='word_1_400' title='bbox 1781 3123 1931 3178; x_wconf 84' lang='lat' dir='ltr'>civitatibus</span> <span class='ocrx_word' id='word_1_401' title='bbox 1947 3121 2091 3177; x_wconf 84' lang='lat' dir='ltr'>antedictis</span> <span class='ocrx_word' id='word_1_402' title='bbox 2104 3119 2228 3188; x_wconf 85' lang='lat' dir='ltr'>aturejuri</span> 
     </span>
     <span class='ocr_line' id='line_1_39' title="bbox 1346 3232 2228 3303; baseline -0.008 -10"><span class='ocrx_word' id='word_1_403' title='bbox 1346 3241 1374 3294; x_wconf 92' lang='lat' dir='ltr'>in</span> <span class='ocrx_word' id='word_1_404' title='bbox 1391 3237 1497 3292; x_wconf 89' lang='lat' dir='ltr'>casibus</span> <span class='ocrx_word' id='word_1_405' title='bbox 1520 3253 1568 3291; x_wconf 89' lang='lat' dir='ltr'>sen</span> <span class='ocrx_word' id='word_1_406' title='bbox 1592 3236 1680 3290; x_wconf 87' lang='lat' dir='ltr'>causis</span> <span class='ocrx_word' id='word_1_407' title='bbox 1703 3234 1857 3303; x_wconf 87' lang='lat' dir='ltr'>antedictis,</span> <span class='ocrx_word' id='word_1_408' title='bbox 1881 3240 1908 3288; x_wconf 90' lang='lat' dir='ltr'>et</span> <span class='ocrx_word' id='word_1_409' title='bbox 1931 3249 1981 3302; x_wconf 90' lang='lat' dir='ltr'>pro</span> <span class='ocrx_word' id='word_1_410' title='bbox 2005 3240 2086 3303; x_wconf 83' lang='lat' dir='ltr'>parte</span> <span class='ocrx_word' id='word_1_411' title='bbox 2109 3232 2228 3286; x_wconf 89' lang='lat' dir='ltr'>dictorum</span> 
     </span>
     <span class='ocr_line' id='line_1_40' title="bbox 1346 3327 2230 3420; baseline -0.005 -16"><span class='ocrx_word' id='word_1_412' title='bbox 1346 3350 1544 3420; x_wconf 87' lang='lat' dir='ltr'>proconsulum,</span> <span class='ocrx_word' id='word_1_413' title='bbox 1562 3327 1703 3403; x_wconf 88' lang='lat' dir='ltr'>consulum·</span> <span class='ocrx_word' id='word_1_414' title='bbox 1717 3353 1746 3401; x_wconf 90' lang='lat' dir='ltr'>et</span> <span class='ocrx_word' id='word_1_415' title='bbox 1761 3346 1950 3416; x_wconf 84' lang='lat' dir='ltr'>universitatis,</span> <span class='ocrx_word' id='word_1_416' title='bbox 1967 3345 2150 3404; x_wconf 80' lang='lat' dir='ltr'>asserendum</span> <span class='ocrx_word' id='word_1_417' title='bbox 2165 3340 2230 3411; x_wconf 86' lang='lat' dir='ltr'>quod</span> 
     </span>
     <span class='ocr_line' id='line_1_41' title="bbox 1345 3457 2229 3532; baseline -0.007 -16"><span class='ocrx_word' id='word_1_418' title='bbox 1345 3463 1398 3532; x_wconf 89' lang='lat' dir='ltr'>ipsi</span> <span class='ocrx_word' id='word_1_419' title='bbox 1416 3469 1444 3516; x_wconf 84' lang='lat' dir='ltr'>ct</span> <span class='ocrx_word' id='word_1_420' title='bbox 1460 3475 1576 3531; x_wconf 89' lang='lat' dir='ltr'>persona</span> <span class='ocrx_word' id='word_1_421' title='bbox 1593 3458 1746 3528; x_wconf 72' lang='lat' dir='ltr'>hidusmodi</span> <span class='ocrx_word' id='word_1_422' title='bbox 1763 3457 1796 3512; x_wconf 89' lang='lat' dir='ltr'>de</span> <span class='ocrx_word' id='word_1_423' title='bbox 1815 3473 1844 3513; x_wconf 90' lang='lat' dir='ltr'>se</span> <span class='ocrx_word' id='word_1_424' title='bbox 1862 3459 2090 3525; x_wconf 81' lang='lat' dir='ltr'>conquerentibus</span> <span class='ocrx_word' id='word_1_425' title='bbox 2107 3472 2156 3526; x_wconf 90' lang='lat' dir='ltr'>pro</span> <span class='ocrx_word' id='word_1_426' title='bbox 2172 3461 2229 3510; x_wconf 80' lang='lat' dir='ltr'>tem-</span> 
     </span>
     <span class='ocr_line' id='line_1_42' title="bbox 1346 3569 2231 3644; baseline -0.011 -15"><span class='ocrx_word' id='word_1_427' title='bbox 1346 3589 1413 3644; x_wconf 92' lang='lat' dir='ltr'>pore</span> <span class='ocrx_word' id='word_1_428' title='bbox 1429 3573 1500 3627; x_wconf 85' lang='lat' dir='ltr'>inira</span> <span class='ocrx_word' id='word_1_429' title='bbox 1521 3574 1609 3642; x_wconf 92' lang='lat' dir='ltr'>ipsum</span> <span class='ocrx_word' id='word_1_430' title='bbox 1634 3570 1742 3640; x_wconf 91' lang='lat' dir='ltr'>opidum</span> <span class='ocrx_word' id='word_1_431' title='bbox 1762 3571 1819 3638; x_wconf 89' lang='lat' dir='ltr'>juri</span> <span class='ocrx_word' id='word_1_432' title='bbox 1835 3577 1866 3624; x_wconf 91' lang='lat' dir='ltr'>ut</span> <span class='ocrx_word' id='word_1_433' title='bbox 1890 3569 2030 3639; x_wconf 83' lang='lat' dir='ltr'>profertur</span> <span class='ocrx_word' id='word_1_434' title='bbox 2056 3573 2145 3624; x_wconf 87' lang='lat' dir='ltr'>essent</span> <span class='ocrx_word' id='word_1_435' title='bbox 2165 3572 2231 3620; x_wconf 85' lang='lat' dir='ltr'>stara</span> 
     </span>
     <span class='ocr_line' id='line_1_43' title="bbox 1346 3683 2230 3757; baseline -0.014 -16"><span class='ocrx_word' id='word_1_436' title='bbox 1346 3687 1448 3757; x_wconf 82' lang='lat' dir='ltr'>parati,</span> <span class='ocrx_word' id='word_1_437' title='bbox 1465 3684 1542 3739; x_wconf 87' lang='lat' dir='ltr'>nobis</span> <span class='ocrx_word' id='word_1_438' title='bbox 1559 3683 1693 3738; x_wconf 88' lang='lat' dir='ltr'>humiliter</span> <span class='ocrx_word' id='word_1_439' title='bbox 1710 3683 1875 3751; x_wconf 89' lang='lat' dir='ltr'>supplicato,</span> <span class='ocrx_word' id='word_1_440' title='bbox 1893 3688 1924 3736; x_wconf 90' lang='lat' dir='ltr'>nt</span> <span class='ocrx_word' id='word_1_441' title='bbox 1947 3697 2004 3748; x_wconf 77' lang='lat' dir='ltr'>ripn</span> <span class='ocrx_word' id='word_1_442' title='bbox 2022 3683 2145 3738; x_wconf 75' lang='lat' dir='ltr'>obstante</span> <span class='ocrx_word' id='word_1_443' title='bbox 2162 3691 2230 3732; x_wconf 87' lang='lat' dir='ltr'>revo-</span> 
     </span>
     <span class='ocr_line' id='line_1_44' title="bbox 1347 3791 2233 3869; baseline -0.007 -16"><span class='ocrx_word' id='word_1_444' title='bbox 1347 3800 1455 3853; x_wconf 81' lang='lat' dir='ltr'>catione</span> <span class='ocrx_word' id='word_1_445' title='bbox 1472 3795 1594 3866; x_wconf 82' lang='lat' dir='ltr'>predicta</span> <span class='ocrx_word' id='word_1_446' title='bbox 1610 3794 1751 3864; x_wconf 87' lang='lat' dir='ltr'>providere</span> <span class='ocrx_word' id='word_1_447' title='bbox 1772 3795 1839 3864; x_wconf 86' lang='lat' dir='ltr'>ipsis</span> <span class='ocrx_word' id='word_1_448' title='bbox 1863 3807 1946 3862; x_wconf 89' lang='lat' dir='ltr'>super</span> <span class='ocrx_word' id='word_1_449' title='bbox 1961 3791 2233 3869; x_wconf 76' lang='lat' dir='ltr'>precisusdrrmre</span> 
     </span>
     <span class='ocr_line' id='line_1_45' title="bbox 1346 3894 2232 3981; baseline -0.014 -16"><span class='ocrx_word' id='word_1_450' title='bbox 1346 3914 1420 3965; x_wconf 73' lang='lat' dir='ltr'>murz</span> <span class='ocrx_word' id='word_1_451' title='bbox 1444 3919 1504 3964; x_wconf 94' lang='lat' dir='ltr'>nos</span> <span class='ocrx_word' id='word_1_452' title='bbox 1526 3919 1585 3981; x_wconf 89' lang='lat' dir='ltr'>per</span> <span class='ocrx_word' id='word_1_453' title='bbox 1608 3897 1689 3961; x_wconf 88' lang='lat' dir='ltr'>alias</span> <span class='ocrx_word' id='word_1_454' title='bbox 1717 3901 1847 3962; x_wconf 88' lang='lat' dir='ltr'>nostras</span> <span class='ocrx_word' id='word_1_455' title='bbox 1870 3895 1983 3960; x_wconf 89' lang='lat' dir='ltr'>literas</span> <span class='ocrx_word' id='word_1_456' title='bbox 2009 3894 2180 3960; x_wconf 82' lang='lat' dir='ltr'>statuimus</span> <span class='ocrx_word' id='word_1_457' title='bbox 2201 3894 2232 3956; x_wconf 91' lang='lat' dir='ltr'>et</span> 
     </span>
     <span class='ocr_line' id='line_1_46' title="bbox 1347 4010 2233 4094; baseline -0.009 -17"><span class='ocrx_word' id='word_1_458' title='bbox 1347 4014 1449 4077; x_wconf 90' lang='lat' dir='ltr'>eciam</span> <span class='ocrx_word' id='word_1_459' title='bbox 1467 4010 1694 4094; x_wconf 84' lang='lat' dir='ltr'>ordinavimus,</span> <span class='ocrx_word' id='word_1_460' title='bbox 1706 4019 1778 4086; x_wconf 82' lang='lat' dir='ltr'>qaod</span> <span class='ocrx_word' id='word_1_461' title='bbox 1794 4017 1873 4074; x_wconf 86' lang='lat' dir='ltr'>iidem</span> <span class='ocrx_word' id='word_1_462' title='bbox 1890 4017 2020 4072; x_wconf 69' lang='lat' dir='ltr'>udmari</span> <span class='ocrx_word' id='word_1_463' title='bbox 2039 4025 2067 4074; x_wconf 87' lang='lat' dir='ltr'>et</span> <span class='ocrx_word' id='word_1_464' title='bbox 2078 4013 2233 4072; x_wconf 83' lang='lat' dir='ltr'>archidiaco-</span> 
     </span>
     <span class='ocr_line' id='line_1_47' title="bbox 1346 4127 2233 4199; baseline -0.01 -11"><span class='ocrx_word' id='word_1_465' title='bbox 1346 4136 1373 4188; x_wconf 89' lang='lat' dir='ltr'>ni</span> <span class='ocrx_word' id='word_1_466' title='bbox 1397 4149 1429 4188; x_wconf 89' lang='lat' dir='ltr'>ac</span> <span class='ocrx_word' id='word_1_467' title='bbox 1451 4133 1533 4187; x_wconf 89' lang='lat' dir='ltr'>eciam</span> <span class='ocrx_word' id='word_1_468' title='bbox 1556 4147 1725 4186; x_wconf 88' lang='lat' dir='ltr'>successores</span> <span class='ocrx_word' id='word_1_469' title='bbox 1753 4147 1845 4185; x_wconf 90' lang='lat' dir='ltr'>eorum</span> <span class='ocrx_word' id='word_1_470' title='bbox 1868 4146 1917 4199; x_wconf 91' lang='lat' dir='ltr'>pro</span> <span class='ocrx_word' id='word_1_471' title='bbox 1946 4137 2071 4199; x_wconf 83' lang='lat' dir='ltr'>ternpore</span> <span class='ocrx_word' id='word_1_472' title='bbox 2096 4127 2233 4183; x_wconf 85' lang='lat' dir='ltr'>existentes</span> 
     </span>
     <span class='ocr_line' id='line_1_48' title="bbox 1347 4235 2264 4314; baseline -0.014 -14"><span class='ocrx_word' id='word_1_473' title='bbox 1347 4247 1461 4314; x_wconf 87' lang='lat' dir='ltr'>aliquem</span> <span class='ocrx_word' id='word_1_474' title='bbox 1482 4245 1523 4298; x_wconf 90' lang='lat' dir='ltr'>vel</span> <span class='ocrx_word' id='word_1_475' title='bbox 1547 4245 1649 4312; x_wconf 90' lang='lat' dir='ltr'>aliquos</span> <span class='ocrx_word' id='word_1_476' title='bbox 1672 4243 1800 4297; x_wconf 88' lang='lat' dir='ltr'>vicarium</span> <span class='ocrx_word' id='word_1_477' title='bbox 1821 4257 1869 4297; x_wconf 88' lang='lat' dir='ltr'>eeu</span> <span class='ocrx_word' id='word_1_478' title='bbox 1891 4240 2176 4312; x_wconf 61' lang='lat' dir='ltr'>danemarchiam</span> <span class='ocrx_word' id='word_1_479' title='bbox 2196 4235 2232 4289; x_wconf 89' lang='lat' dir='ltr'>vel</span> <span class='ocrx_word' id='word_1_480' title='bbox 2262 4245 2264 4249; x_wconf 78' lang='grc'>’</span> 
     </span>
    </p>
   </div>
   <div class='ocr_carea' id='block_1_10' title="bbox 403 4350 2240 5430">
    <p class='ocr_par' dir='ltr' id='par_1_10' title="bbox 403 4350 2240 5430">
     <span class='ocr_line' id='line_1_49' title="bbox 403 4350 2234 4427; baseline 0.001 -24"><span class='ocrx_word' id='word_1_481' title='bbox 403 4352 505 4421; x_wconf 86' lang='lat' dir='ltr'>parati,</span> <span class='ocrx_word' id='word_1_482' title='bbox 524 4350 557 4404; x_wconf 89' lang='lat' dir='ltr'>de</span> <span class='ocrx_word' id='word_1_483' title='bbox 579 4351 644 4420; x_wconf 87' lang='lat' dir='ltr'>ipsis</span> <span class='ocrx_word' id='word_1_484' title='bbox 662 4351 886 4418; x_wconf 87' lang='lat' dir='ltr'>conquerentibus</span> <span class='ocrx_word' id='word_1_485' title='bbox 904 4351 1030 4426; x_wconf 89' lang='lat' dir='ltr'>exhibere</span> <span class='ocrx_word' id='word_1_486' title='bbox 1053 4351 1160 4419; x_wconf 89' lang='lat' dir='ltr'>justicie</span> <span class='ocrx_word' id='word_1_487' title='bbox 1178 4353 1292 4422; x_wconf 92' lang='lat' dir='ltr'>comple·</span> <span class='ocrx_word' id='word_1_488' title='bbox 1346 4357 1470 4413; x_wconf 88' lang='lat' dir='ltr'>officiales</span> <span class='ocrx_word' id='word_1_489' title='bbox 1487 4355 1619 4427; x_wconf 86' lang='lat' dir='ltr'>ydoneum</span> <span class='ocrx_word' id='word_1_490' title='bbox 1636 4370 1684 4410; x_wconf 87' lang='lat' dir='ltr'>seu</span> <span class='ocrx_word' id='word_1_491' title='bbox 1701 4354 1812 4409; x_wconf 88' lang='lat' dir='ltr'>idoneos</span> <span class='ocrx_word' id='word_1_492' title='bbox 1830 4360 1857 4408; x_wconf 91' lang='lat' dir='ltr'>et</span> <span class='ocrx_word' id='word_1_493' title='bbox 1874 4352 1909 4408; x_wconf 92' lang='lat' dir='ltr'>ud</span> <span class='ocrx_word' id='word_1_494' title='bbox 1926 4354 1979 4408; x_wconf 91' lang='lat' dir='ltr'>hoc</span> <span class='ocrx_word' id='word_1_495' title='bbox 1993 4360 2089 4422; x_wconf 91' lang='lat' dir='ltr'>aptum</span> <span class='ocrx_word' id='word_1_496' title='bbox 2103 4351 2146 4406; x_wconf 89' lang='lat' dir='ltr'>vel</span> <span class='ocrx_word' id='word_1_497' title='bbox 2161 4355 2234 4417; x_wconf 84' lang='lat' dir='ltr'>aptos</span> 
     </span>
     <span class='ocr_line' id='line_1_50' title="bbox 404 4427 2232 4533; baseline -0.001 -17"><span class='ocrx_word' id='word_1_498' title='bbox 404 4470 520 4526; x_wconf 87' lang='lat' dir='ltr'>mentum</span> <span class='ocrx_word' id='word_1_499' title='bbox 533 4461 624 4517; x_wconf 85' lang='lat' dir='ltr'>coram</span> <span class='ocrx_word' id='word_1_500' title='bbox 637 4460 726 4530; x_wconf 89' lang='lat' dir='ltr'>judice</span> <span class='ocrx_word' id='word_1_501' title='bbox 740 4467 915 4532; x_wconf 87' lang='lat' dir='ltr'>competente,</span> <span class='ocrx_word' id='word_1_502' title='bbox 928 4461 1030 4517; x_wconf 87' lang='lat' dir='ltr'>dilectis</span> <span class='ocrx_word' id='word_1_503' title='bbox 1048 4461 1109 4516; x_wconf 89' lang='lat' dir='ltr'>tiliis</span> <span class='ocrx_word' id='word_1_504' title='bbox 1124 4463 1223 4518; x_wconf 88' lang='lat' dir='ltr'>abbate</span> <span class='ocrx_word' id='word_1_505' title='bbox 1238 4481 1293 4520; x_wconf 89' lang='lat' dir='ltr'>mo·</span> <span class='ocrx_word' id='word_1_506' title='bbox 1322 4427 1381 4525; x_wconf 58' lang='lat' dir='ltr'>&#39;dd</span> <span class='ocrx_word' id='word_1_507' title='bbox 1403 4467 1627 4523; x_wconf 81' lang='lat' dir='ltr'>examinationem</span> <span class='ocrx_word' id='word_1_508' title='bbox 1652 4481 1700 4521; x_wconf 90' lang='lat' dir='ltr'>seu</span> <span class='ocrx_word' id='word_1_509' title='bbox 1725 4465 1898 4520; x_wconf 88' lang='lat' dir='ltr'>dascisionem</span> <span class='ocrx_word' id='word_1_510' title='bbox 1921 4427 2080 4533; x_wconf 78' lang='lat' dir='ltr'>huiusmodi</span> <span class='ocrx_word' id='word_1_511' title='bbox 2105 4475 2232 4529; x_wconf 78' lang='lat' dir='ltr'>emergen-</span> 
     </span>
     <span class='ocr_line' id='line_1_51' title="bbox 404 4572 2235 4650; baseline 0 -22"><span class='ocrx_word' id='word_1_512' title='bbox 404 4574 515 4628; x_wconf 88' lang='lat' dir='ltr'>nasterii</span> <span class='ocrx_word' id='word_1_513' title='bbox 531 4573 616 4628; x_wconf 87' lang='lat' dir='ltr'>sancti</span> <span class='ocrx_word' id='word_1_514' title='bbox 628 4572 717 4641; x_wconf 79' lang='lat' dir='ltr'>Egidii</span> <span class='ocrx_word' id='word_1_515' title='bbox 728 4578 756 4627; x_wconf 89' lang='lat' dir='ltr'>et</span> <span class='ocrx_word' id='word_1_516' title='bbox 769 4572 870 4628; x_wconf 87' lang='lat' dir='ltr'>decano</span> <span class='ocrx_word' id='word_1_517' title='bbox 885 4574 995 4628; x_wconf 89' lang='lat' dir='ltr'>ecclesie</span> <span class='ocrx_word' id='word_1_518' title='bbox 1009 4575 1095 4628; x_wconf 87' lang='lat' dir='ltr'>suncti</span> <span class='ocrx_word' id='word_1_519' title='bbox 1105 4574 1294 4630; x_wconf 88' lang='lat' dir='ltr'>BlasiiBruns·</span> <span class='ocrx_word' id='word_1_520' title='bbox 1339 4581 1416 4650; x_wconf 42' lang='lat' dir='ltr'>‚dum</span> <span class='ocrx_word' id='word_1_521' title='bbox 1440 4595 1550 4634; x_wconf 87' lang='lat' dir='ltr'>casuum</span> <span class='ocrx_word' id='word_1_522' title='bbox 1567 4594 1616 4633; x_wconf 90' lang='lat' dir='ltr'>seu</span> <span class='ocrx_word' id='word_1_523' title='bbox 1637 4593 1779 4633; x_wconf 89' lang='lat' dir='ltr'>causarum</span> <span class='ocrx_word' id='word_1_524' title='bbox 1802 4583 1857 4631; x_wconf 87' lang='lat' dir='ltr'>tam</span> <span class='ocrx_word' id='word_1_525' title='bbox 1881 4576 1994 4630; x_wconf 86' lang='lat' dir='ltr'>civilium</span> <span class='ocrx_word' id='word_1_526' title='bbox 2019 4591 2104 4645; x_wconf 87' lang='lat' dir='ltr'>quam</span> <span class='ocrx_word' id='word_1_527' title='bbox 2121 4573 2235 4628; x_wconf 68' lang='lat' dir='ltr'>omnine</span> 
     </span>
     <span class='ocr_line' id='line_1_52' title="bbox 403 4675 2235 4769; baseline -0.001 -30"><span class='ocrx_word' id='word_1_528' title='bbox 403 4685 554 4740; x_wconf 69' lang='lat' dir='ltr'>meantium</span> <span class='ocrx_word' id='word_1_529' title='bbox 583 4675 714 4740; x_wconf 78' lang='lat' dir='ltr'>dictmum</span> <span class='ocrx_word' id='word_1_530' title='bbox 752 4683 896 4739; x_wconf 88' lang='lat' dir='ltr'>diocesium</span> <span class='ocrx_word' id='word_1_531' title='bbox 930 4685 1117 4740; x_wconf 85' lang='lat' dir='ltr'>executoribus</span> <span class='ocrx_word' id='word_1_532' title='bbox 1150 4687 1295 4769; x_wconf 81' lang='lat' dir='ltr'>earundem</span> <span class='ocrx_word' id='word_1_533' title='bbox 1345 4693 1422 4762; x_wconf 80' lang='lat' dir='ltr'>dum,</span> <span class='ocrx_word' id='word_1_534' title='bbox 1440 4706 1492 4760; x_wconf 85' lang='lat' dir='ltr'>que</span> <span class='ocrx_word' id='word_1_535' title='bbox 1513 4691 1584 4746; x_wconf 88' lang='lat' dir='ltr'>inter</span> <span class='ocrx_word' id='word_1_536' title='bbox 1600 4689 1709 4746; x_wconf 88' lang='lat' dir='ltr'>eosdem</span> <span class='ocrx_word' id='word_1_537' title='bbox 1731 4688 1913 4758; x_wconf 89' lang='lat' dir='ltr'>proconsules,</span> <span class='ocrx_word' id='word_1_538' title='bbox 1937 4678 2106 4756; x_wconf 81' lang='lat' dir='ltr'>[cometes]²</span> <span class='ocrx_word' id='word_1_539' title='bbox 2131 4691 2159 4741; x_wconf 89' lang='lat' dir='ltr'>et</span> <span class='ocrx_word' id='word_1_540' title='bbox 2181 4698 2235 4753; x_wconf 83' lang='lat' dir='ltr'>per</span> 
     </span>
     <span class='ocr_line' id='line_1_53' title="bbox 405 4796 2236 4872; baseline -0.001 -20"><span class='ocrx_word' id='word_1_541' title='bbox 405 4797 542 4852; x_wconf 89' lang='lat' dir='ltr'>literarum</span> <span class='ocrx_word' id='word_1_542' title='bbox 567 4813 623 4868; x_wconf 85' lang='lat' dir='ltr'>per</span> <span class='ocrx_word' id='word_1_543' title='bbox 639 4798 706 4852; x_wconf 75' lang='lat' dir='ltr'>aliam</span> <span class='ocrx_word' id='word_1_544' title='bbox 723 4804 831 4853; x_wconf 84' lang='lat' dir='ltr'>nostras</span> <span class='ocrx_word' id='word_1_545' title='bbox 855 4797 947 4851; x_wconf 84' lang='lat' dir='ltr'>literas</span> <span class='ocrx_word' id='word_1_546' title='bbox 971 4796 1112 4866; x_wconf 80' lang='lat' dir='ltr'>deputatis</span> <span class='ocrx_word' id='word_1_547' title='bbox 1141 4799 1180 4853; x_wconf 82' lang='lat' dir='ltr'>Et</span> <span class='ocrx_word' id='word_1_548' title='bbox 1203 4800 1294 4856; x_wconf 91' lang='lat' dir='ltr'>subse·</span> <span class='ocrx_word' id='word_1_549' title='bbox 1347 4819 1427 4860; x_wconf 87' lang='lat' dir='ltr'>sonas</span> <span class='ocrx_word' id='word_1_550' title='bbox 1444 4819 1550 4858; x_wconf 90' lang='lat' dir='ltr'>necnon</span> <span class='ocrx_word' id='word_1_551' title='bbox 1565 4801 1668 4857; x_wconf 90' lang='lat' dir='ltr'>incolas</span> <span class='ocrx_word' id='word_1_552' title='bbox 1690 4799 1810 4872; x_wconf 50' lang='lat' dir='ltr'>eusdem</span> <span class='ocrx_word' id='word_1_553' title='bbox 1827 4799 1901 4870; x_wconf 90' lang='lat' dir='ltr'>opidi</span> <span class='ocrx_word' id='word_1_554' title='bbox 1922 4805 2067 4870; x_wconf 85' lang='lat' dir='ltr'>presentes</span> <span class='ocrx_word' id='word_1_555' title='bbox 2085 4807 2114 4855; x_wconf 88' lang='lat' dir='ltr'>et</span> <span class='ocrx_word' id='word_1_556' title='bbox 2136 4797 2236 4852; x_wconf 83' lang='lat' dir='ltr'>tuturos</span> 
     </span>
     <span class='ocr_line' id='line_1_54' title="bbox 406 4907 2238 4986; baseline -0.001 -22"><span class='ocrx_word' id='word_1_557' title='bbox 406 4915 519 4977; x_wconf 81' lang='lat' dir='ltr'>quanter</span> <span class='ocrx_word' id='word_1_558' title='bbox 540 4923 589 4978; x_wconf 89' lang='lat' dir='ltr'>par</span> <span class='ocrx_word' id='word_1_559' title='bbox 612 4923 663 4964; x_wconf 89' lang='lat' dir='ltr'>nos</span> <span class='ocrx_word' id='word_1_560' title='bbox 689 4917 813 4979; x_wconf 84' lang='lat' dir='ltr'>accepto,</span> <span class='ocrx_word' id='word_1_561' title='bbox 837 4907 910 4978; x_wconf 91' lang='lat' dir='ltr'>quod</span> <span class='ocrx_word' id='word_1_562' title='bbox 937 4908 1069 4964; x_wconf 85' lang='lat' dir='ltr'>indultum</span> <span class='ocrx_word' id='word_1_563' title='bbox 1093 4910 1246 4980; x_wconf 84' lang='lat' dir='ltr'>hujusmodi</span> <span class='ocrx_word' id='word_1_564' title='bbox 1267 4913 1295 4966; x_wconf 91' lang='lat' dir='ltr'>in</span> <span class='ocrx_word' id='word_1_565' title='bbox 1346 4916 1424 4986; x_wconf 85' lang='lat' dir='ltr'>oriri,</span> <span class='ocrx_word' id='word_1_566' title='bbox 1442 4931 1490 4970; x_wconf 86' lang='lat' dir='ltr'>aen</span> <span class='ocrx_word' id='word_1_567' title='bbox 1513 4921 1609 4969; x_wconf 84' lang='lat' dir='ltr'>contm</span> <span class='ocrx_word' id='word_1_568' title='bbox 1632 4929 1679 4969; x_wconf 90' lang='lat' dir='ltr'>eos</span> <span class='ocrx_word' id='word_1_569' title='bbox 1701 4913 1875 4968; x_wconf 88' lang='lat' dir='ltr'>communiter</span> <span class='ocrx_word' id='word_1_570' title='bbox 1896 4911 1937 4966; x_wconf 85' lang='lat' dir='ltr'>vel</span> <span class='ocrx_word' id='word_1_571' title='bbox 1960 4909 2067 4968; x_wconf 72' lang='lat' dir='ltr'>diesin</span> <span class='ocrx_word' id='word_1_572' title='bbox 2091 4925 2143 4980; x_wconf 89' lang='lat' dir='ltr'>per</span> <span class='ocrx_word' id='word_1_573' title='bbox 2165 4921 2238 4976; x_wconf 90' lang='lat' dir='ltr'>quos·</span> 
     </span>
     <span class='ocr_line' id='line_1_55' title="bbox 405 5018 2237 5096; baseline -0.001 -22"><span class='ocrx_word' id='word_1_574' title='bbox 405 5036 461 5076; x_wconf 90' lang='lat' dir='ltr'>non</span> <span class='ocrx_word' id='word_1_575' title='bbox 477 5018 609 5075; x_wconf 91' lang='lat' dir='ltr'>modicum</span> <span class='ocrx_word' id='word_1_576' title='bbox 626 5018 801 5096; x_wconf 84' lang='lat' dir='ltr'>prejudicium</span> <span class='ocrx_word' id='word_1_577' title='bbox 813 5020 1003 5075; x_wconf 88' lang='lat' dir='ltr'>venerabilium</span> <span class='ocrx_word' id='word_1_578' title='bbox 1016 5020 1295 5078; x_wconf 82' lang='lat' dir='ltr'>fratrumnostrorum</span> <span class='ocrx_word' id='word_1_579' title='bbox 1347 5035 1451 5094; x_wconf 80' lang='lat' dir='ltr'>cunque</span> <span class='ocrx_word' id='word_1_580' title='bbox 1471 5027 1572 5082; x_wconf 85' lang='lat' dir='ltr'>moveri</span> <span class='ocrx_word' id='word_1_581' title='bbox 1599 5026 1778 5094; x_wconf 74' lang='lat' dir='ltr'>contingeret,</span> <span class='ocrx_word' id='word_1_582' title='bbox 1801 5031 1829 5079; x_wconf 87' lang='lat' dir='ltr'>at</span> <span class='ocrx_word' id='word_1_583' title='bbox 1860 5038 1973 5092; x_wconf 89' lang='lat' dir='ltr'>quorum</span> <span class='ocrx_word' id='word_1_584' title='bbox 1990 5021 2171 5082; x_wconf 83' lang='lat' dir='ltr'>,examinacio</span> <span class='ocrx_word' id='word_1_585' title='bbox 2194 5031 2237 5072; x_wconf 88' lang='lat' dir='ltr'>sen</span> 
     </span>
     <span class='ocr_line' id='line_1_56' title="bbox 406 5129 2237 5201; baseline 0 -16"><span class='ocrx_word' id='word_1_586' title='bbox 406 5131 640 5186; x_wconf 89' lang='lat' dir='ltr'>Haiberstadensis</span> <span class='ocrx_word' id='word_1_587' title='bbox 665 5137 693 5186; x_wconf 90' lang='lat' dir='ltr'>et</span> <span class='ocrx_word' id='word_1_588' title='bbox 709 5129 915 5189; x_wconf 74' lang='lat' dir='ltr'>hildesemensis</span> <span class='ocrx_word' id='word_1_589' title='bbox 934 5133 1122 5201; x_wconf 88' lang='lat' dir='ltr'>cpiscoporum</span> <span class='ocrx_word' id='word_1_590' title='bbox 1140 5141 1167 5189; x_wconf 91' lang='lat' dir='ltr'>et</span> <span class='ocrx_word' id='word_1_591' title='bbox 1186 5133 1295 5190; x_wconf 89' lang='lat' dir='ltr'>dilecto·</span> <span class='ocrx_word' id='word_1_592' title='bbox 1347 5137 1459 5192; x_wconf 88' lang='lat' dir='ltr'>descisio</span> <span class='ocrx_word' id='word_1_593' title='bbox 1477 5137 1513 5191; x_wconf 92' lang='lat' dir='ltr'>ud</span> <span class='ocrx_word' id='word_1_594' title='bbox 1534 5137 1621 5192; x_wconf 87' lang='lat' dir='ltr'>iorum</span> <span class='ocrx_word' id='word_1_595' title='bbox 1645 5137 1776 5192; x_wconf 89' lang='lat' dir='ltr'>dictorum</span> <span class='ocrx_word' id='word_1_596' title='bbox 1794 5135 1988 5190; x_wconf 86' lang='lat' dir='ltr'>ordinariorum</span> <span class='ocrx_word' id='word_1_597' title='bbox 2007 5147 2059 5188; x_wconf 91' lang='lat' dir='ltr'>seu</span> <span class='ocrx_word' id='word_1_598' title='bbox 2077 5131 2237 5187; x_wconf 89' lang='lat' dir='ltr'>archidiaco-</span> 
     </span>
     <span class='ocr_line' id='line_1_57' title="bbox 406 5228 2238 5314; baseline -0.002 -16"><span class='ocrx_word' id='word_1_599' title='bbox 406 5260 466 5298; x_wconf 90' lang='lat' dir='ltr'>rum</span> <span class='ocrx_word' id='word_1_600' title='bbox 494 5242 609 5297; x_wconf 90' lang='lat' dir='ltr'>filiorum</span> <span class='ocrx_word' id='word_1_601' title='bbox 636 5228 770 5312; x_wconf 88' lang='lat' dir='ltr'>ipsorum</span> <span class='ocrx_word' id='word_1_602' title='bbox 785 5241 1032 5299; x_wconf 84' lang='lat' dir='ltr'>archidiaconorum</span> <span class='ocrx_word' id='word_1_603' title='bbox 1064 5251 1091 5300; x_wconf 92' lang='lat' dir='ltr'>et</span> <span class='ocrx_word' id='word_1_604' title='bbox 1119 5246 1295 5314; x_wconf 90' lang='lat' dir='ltr'>capitulorum</span> <span class='ocrx_word' id='word_1_605' title='bbox 1346 5265 1442 5303; x_wconf 91' lang='lat' dir='ltr'>norum</span> <span class='ocrx_word' id='word_1_606' title='bbox 1458 5247 1578 5306; x_wconf 91' lang='lat' dir='ltr'>locorum</span> <span class='ocrx_word' id='word_1_607' title='bbox 1596 5249 1629 5303; x_wconf 90' lang='lat' dir='ltr'>de</span> <span class='ocrx_word' id='word_1_608' title='bbox 1656 5245 1848 5304; x_wconf 89' lang='lat' dir='ltr'>consuetudine</span> <span class='ocrx_word' id='word_1_609' title='bbox 1866 5246 1908 5300; x_wconf 90' lang='lat' dir='ltr'>vel</span> <span class='ocrx_word' id='word_1_610' title='bbox 1924 5234 1963 5300; x_wconf 63' lang='lat' dir='ltr'>‘de</span> <span class='ocrx_word' id='word_1_611' title='bbox 1983 5244 2048 5312; x_wconf 87' lang='lat' dir='ltr'>jnre</span> <span class='ocrx_word' id='word_1_612' title='bbox 2068 5241 2238 5300; x_wconf 84' lang='lat' dir='ltr'>communiter</span> 
     </span>
     <span class='ocr_line' id='line_1_58' title="bbox 405 5339 2240 5430; baseline -0.001 -20"><span class='ocrx_word' id='word_1_613' title='bbox 405 5371 510 5410; x_wconf 91' lang='lat' dir='ltr'>necnon</span> <span class='ocrx_word' id='word_1_614' title='bbox 535 5353 599 5409; x_wconf 88' lang='lat' dir='ltr'>cleri</span> <span class='ocrx_word' id='word_1_615' title='bbox 621 5355 757 5408; x_wconf 80' lang='lat' dir='ltr'>civiutum</span> <span class='ocrx_word' id='word_1_616' title='bbox 781 5360 808 5408; x_wconf 90' lang='lat' dir='ltr'>et</span> <span class='ocrx_word' id='word_1_617' title='bbox 840 5354 984 5410; x_wconf 71' lang='lat' dir='ltr'>heresium</span> <span class='ocrx_word' id='word_1_618' title='bbox 1010 5339 1245 5413; x_wconf 79' lang='lat' dir='ltr'>Haiberstadensis</span> <span class='ocrx_word' id='word_1_619' title='bbox 1269 5364 1296 5414; x_wconf 90' lang='lat' dir='ltr'>et</span> <span class='ocrx_word' id='word_1_620' title='bbox 1348 5360 1389 5414; x_wconf 90' lang='lat' dir='ltr'>vel</span> <span class='ocrx_word' id='word_1_621' title='bbox 1408 5359 1509 5414; x_wconf 87' lang='lat' dir='ltr'>divisim</span> <span class='ocrx_word' id='word_1_622' title='bbox 1526 5367 1557 5414; x_wconf 90' lang='lat' dir='ltr'>ut</span> <span class='ocrx_word' id='word_1_623' title='bbox 1574 5359 1709 5430; x_wconf 76' lang='lat' dir='ltr'>prefertur</span> <span class='ocrx_word' id='word_1_624' title='bbox 1728 5375 1777 5414; x_wconf 88' lang='lat' dir='ltr'>seu</span> <span class='ocrx_word' id='word_1_625' title='bbox 1793 5359 1859 5414; x_wconf 89' lang='lat' dir='ltr'>alias</span> <span class='ocrx_word' id='word_1_626' title='bbox 1876 5355 2081 5426; x_wconf 88' lang='lat' dir='ltr'>quomodolibet</span> <span class='ocrx_word' id='word_1_627' title='bbox 2094 5354 2240 5425; x_wconf 86' lang='lat' dir='ltr'>spectabat,</span> 
     </span>
    </p>
   </div>
   <div class='ocr_carea' id='block_1_11' title="bbox 406 5565 2241 5639">
    <p class='ocr_par' dir='ltr' id='par_1_11' title="bbox 406 5565 2241 5639">
     <span class='ocr_line' id='line_1_59' title="bbox 406 5565 2241 5639; baseline -0.001 -19"><span class='ocrx_word' id='word_1_628' title='bbox 406 5567 435 5634; x_wconf 86' lang='lat'>1)</span> <span class='ocrx_word' id='word_1_629' title='bbox 456 5567 492 5622; x_wconf 83' lang='lat' dir='ltr'>In</span> <span class='ocrx_word' id='word_1_630' title='bbox 504 5568 552 5622; x_wconf 81' lang='lat' dir='ltr'>der</span> <span class='ocrx_word' id='word_1_631' title='bbox 564 5567 722 5622; x_wconf 77' lang='lat' dir='ltr'>Handaeltr.</span> <span class='ocrx_word' id='word_1_632' title='bbox 735 5565 822 5622; x_wconf 86' lang='lat' dir='ltr'>dictis.</span> <span class='ocrx_word' id='word_1_633' title='bbox 873 5569 988 5635; x_wconf 73' lang='lat' dir='ltr'>2)ch</span> <span class='ocrx_word' id='word_1_634' title='bbox 999 5573 1029 5623; x_wconf 84' lang='lat' dir='ltr'>a&#39;a</span> <span class='ocrx_word' id='word_1_635' title='bbox 1043 5569 1092 5624; x_wconf 78' lang='lat' dir='ltr'>der</span> <span class='ocrx_word' id='word_1_636' title='bbox 1100 5571 1257 5628; x_wconf 75' lang='lat' dir='ltr'>Hucdacltr.</span> <span class='ocrx_word' id='word_1_637' title='bbox 1326 5571 1356 5639; x_wconf 84' lang='grc'>3)</span> <span class='ocrx_word' id='word_1_638' title='bbox 1377 5572 1413 5626; x_wconf 83' lang='lat' dir='ltr'>la</span> <span class='ocrx_word' id='word_1_639' title='bbox 1429 5571 1476 5628; x_wconf 83' lang='lat' dir='ltr'>der</span> <span class='ocrx_word' id='word_1_640' title='bbox 1488 5572 1645 5628; x_wconf 75' lang='lat' dir='ltr'>Hundscltr.</span> <span class='ocrx_word' id='word_1_641' title='bbox 1657 5581 1691 5628; x_wconf 81' lang='lat' dir='ltr'>et</span> <span class='ocrx_word' id='word_1_642' title='bbox 1743 5572 1774 5638; x_wconf 81' lang='lat'>4)</span> <span class='ocrx_word' id='word_1_643' title='bbox 1795 5570 1831 5626; x_wconf 77' lang='lat' dir='ltr'>Ia</span> <span class='ocrx_word' id='word_1_644' title='bbox 1841 5569 1891 5625; x_wconf 84' lang='lat' dir='ltr'>der</span> <span class='ocrx_word' id='word_1_645' title='bbox 1902 5567 2065 5624; x_wconf 66' lang='lat' dir='ltr'>nannete.</span> <span class='ocrx_word' id='word_1_646' title='bbox 2077 5567 2241 5624; x_wconf 84' lang='lat' dir='ltr'>officialibus.</span> 
     </span>
    </p>
   </div>
   <div class='ocr_carea' id='block_1_12' title="bbox 0 0 2411 6242">
    <p class='ocr_par' dir='ltr' id='par_1_12' title="bbox 0 0 2411 6242">
     <span class='ocr_line' id='line_1_60' title="bbox 0 0 2411 6242; baseline 0 0"><span class='ocrx_word' id='word_1_647' title='bbox 0 0 2411 6242; x_wconf 95' lang='lat' dir='ltr'> </span> 
     </span>
    </p>
   </div>
  </div>
 </body>
</html>
