4792 6242
1250 406 1325 483 194

761 643 874 710 LXIX.
917 643 1198 708 PalvlnnGIUM
1216 642 1303 708 VON
1323 641 1456 708 PAPST
1479 641 1739 708 ALEXANDER
1755 641 1809 708 lv.

1161 785 1242 845 1256
1264 780 1336 845 Jan.
1362 785 1410 845 ll.

499 952 573 1036 pas
591 952 804 1038 remmom,
825 954 887 1036 auf
899 953 1022 1022 weram
1043 935 1276 1018 ammaum
1293 952 1619 1018 nummulum
1634 951 1700 1016 aa
1716 950 1837 1030 mmo,
1854 953 1897 1017 nt
1915 972 1978 1018 mu
1994 953 2089 1018 uera
2103 955 2192 1022 umes

370 1057 552 1139 iberltefert.
575 1056 648 1121 Dus
665 1045 808 1140 original
825 1057 976 1121 desselben
989 1056 1114 1136 befiuclct
1130 1056 1250 1120 aialim
1264 1054 1491 1135 Stodtprcbioc:
1511 1055 1703 1139 Perperene,
1725 1057 1765 1120 9'¹
1776 1039 1867 1134 'broit
1887 1057 1930 1119 δ”
1947 1055 2029 1135 lom,
2049 1056 2194 1122 celarier·

371 1160 433 1225 liet
454 1159 657 1243 partitam,
680 1161 737 1223 mit
754 1160 899 1224 blcierner
921 1159 1015 1222 Bulla
1032 1179 1074 1223 aa
1091 1159 1176 1222 einer
1196 1158 1411 1240 Hunl'scbnur.
1461 1159 1536 1242 Ans
1553 1159 1608 1222 der
1626 1151 1786 1222 Rticlcses'le
1808 1158 1863 1223 der
1887 1157 2030 1225 Urbuade
2047 1159 2067 1240 †
2084 1158 2194 1226 Bruns·

371 1262 453 1328 sich
472 1263 515 1346 †.
555 1262 608 1326 Sic
624 1283 692 1326 arur
708 1261 809 1326 onlnr
824 1261 908 1328 nicht
923 1261 1073 1344 peuruuu.
1515 1347 1517 1354 Ι
1628 1343 1634 1354 Ι
1706 1309 1710 1320 .
2059 1261 2118 1328 Hn.
2161 1309 2166 1318 -

374 1449 577 1522 Alexander
597 1450 785 1533 episcopus,
810 1470 921 1515 servus
941 1469 1106 1536 seruorum
1131 1448 1193 1526 dei,
1219 1448 1266 1512 di·
1300 1425 1519 1514 adverbum
1542 1449 1739 1514 mentionem
1764 1448 1918 1514 faciente:
1943 1448 2126 1516 discretioni
2146 1457 2196 1518 t'ue

373 1563 459 1628 lecto
480 1560 547 1627 filio
568 1561 681 1627 abbati
699 1561 887 1626 monasterii
907 1565 1018 1626 sancte
1030 1561 1131 1625 Maris
1150 1559 1190 1626 de
1204 1559 1266 1626 Re·
1318 1582 1379 1644 per
1396 1555 1577 1650 apostolica
1595 1559 1723 1642 scripta'
1735 1559 1937 1642 mandamus,
1960 1537 2110 1644 quatinus
2130 1584 2196 1648 pre-

374 1671 542 1740 daxhusen
556 1673 677 1738 ordinis
690 1672 961 1754 cisterciensium,
980 1668 1267 1738 Helberstadensis
1290 1666 1294 1674 '
1319 1672 1405 1738 latos
1425 1693 1524 1756 super
1540 1671 1706 1755 premissis
1726 1694 1792 1738 non
1810 1655 1981 1757 permittas
2000 1659 2114 1740 contra
2130 1681 2199 1740 con:

374 1769 552 1865 dioceseos,
575 1785 713 1851 salutem
726 1789 759 1849 et
776 1785 987 1867 apostolicam
998 1783 1266 1850 benedictionem.
1320 1784 1475 1850 cessionis
1505 1794 1617 1849 nostre
1646 1789 1794 1849 tenorem
1822 1805 1843 1849 a
1874 1806 2039 1870 quoquam
2066 1785 2198 1852 indebite

374 1897 455 1964 Cum
478 1897 605 1963 dilectis
629 1898 662 1961 iu
681 1895 810 1962 Christo
835 1895 908 1961 filiis
931 1901 999 1960 tam
1023 1895 1146 1961 clericis
1169 1917 1267 1980 quam
1319 1897 1498 1976 molestari,
1517 1883 1745 1962 molestatores
1762 1896 1946 1981 hujusmodi
1963 1917 2024 1980 per
2043 1918 2199 1963 censuram

373 2004 964 2089 laicisinBrunswich,ilildesemensis
977 2006 1268 2072 etHalberstaden-
1321 2001 1588 2086 ecclesiasticam,
1600 2007 1823 2092 ‚appellatione
1846 2009 2047 2091 postposita,
2066 2029 2199 2093 compes·

374 2122 418 2187 sis
437 2121 623 2200 diocesium,
641 2119 827 2186 constitutis
847 2116 886 2184 eir
903 2120 1031 2202 spetiali
1047 2121 1152 2204 gratia
1168 2119 1269 2184 duxe·
1322 2115 1434 2199 cando,
1453 2141 1518 2185 non
1537 2119 1688 2185 obstante
1714 2120 1741 2183 si
1760 2119 1920 2203 aliquibus
1939 2141 1959 2186 a
1978 2120 2057 2188 sede
2079 2127 2200 2205 aposto·

375 2233 475 2298 rimus
499 2232 756 2312 concedendum,
789 2234 827 2296 ut
850 2230 957 2295 nullus
983 2231 1181 2310 ordinarius,
1209 2252 1269 2295 nec
1320 2233 1385 2298 lica
1410 2232 1452 2297 sit
1476 2231 1651 2312 indultum,
1673 2231 1760 2314 quod
1783 2231 1947 2312 interdici,
1974 2235 2140 2317 suspendi,
2156 2237 2226 2301 rel·

375 2325 559 2428 delegatus,
588 2343 832 2427 subdelegatus,
856 2348 1025 2422 executor,
1056 2364 1114 2409 seu
1139 2361 1269 2409 conser·
1322 2344 1593 2410 excommunicari
1616 2363 1681 2409 uon
1705 2344 1832 2426 possint
1848 2364 1908 2427 per
1929 2344 2058 2411 litteras
2081 2352 2202 2431 aposto

374 2462 471 2522 vator
497 2478 519 2522 a
546 2455 622 2521 sede
651 2454 833 2539 apostolica
857 2454 909 2519 vel
940 2455 1009 2538 ejus
1032 2453 1148 2538 legatis
1173 2443 1273 2523 datus¹
1322 2457 1402 2521 licus
1425 2477 1491 2521 non
1515 2455 1670 2521 facientes
1693 2457 1824 2546 plenam
1847 2461 1881 2520 et
1899 2477 2089 2540 expressam
2106 2459 2145 2524 de
2160 2461 2202 2524 in·

377 2568 462 2634 difra
478 2588 588 2634 muros
611 2569 764 2651 ipsorum.
779 2567 886 2632 divina
904 2565 1007 2632 officia
1028 2567 1174 2632 inhibere
1197 2587 1269 2650 pre·
1324 2567 1416 2634 dulto
1432 2567 1618 2652 liujusrirodi
1634 2569 1841 2634 mentionem.
1865 2567 1987 2634 Datum
2004 2549 2155 2637 Lataran.
2172 2593 2201 2656 nJ

268 2709 272 2718 ·
375 2683 484 2745 sumat
508 2681 631 2763 absque
655 2669 810 2776 mandato
829 2677 914 2744 sedis
938 2679 1115 2761 apostolice
1133 2679 1269 2762 spetiali,
1323 2679 1400 2744 Idus
1418 2679 1575 2761 Jauuarii,
1593 2677 1803 2763 pontificatus
1820 2681 1925 2746 nostri
1943 2703 2029 2748 anno
2049 2681 2191 2750 seeundo.

377 2791 419 2857 de
439 2775 689 2858 eodemindulto
706 2790 837 2873 plenam
849 2794 883 2855 et
899 2791 1088 2874 expressam
1111 2789 1151 2856 de
1169 2791 1269 2856 verbo
1703 2775 1710 2788 ’

690 3081 788 3148 LXX.
832 3081 1055 3158 ΕΧΕΜΤΙΟΝ1
1071 3081 1158 3148 DER
1179 3045 1317 3146 STADT
1336 3081 1428 3149 VOM
1445 3068 1829 3150 DIllOESANVERBAN
1832 3083 1898 3153 DE.

1166 3225 1246 3286 1256
1266 3220 1348 3304 Aug.
1370 3223 1419 3286 12.

410 3469 418 3486 .
507 3393 580 3460 Dus
608 3393 752 3488 Qripireul
772 3396 872 3462 dieser
899 3396 1048 3462 sclaomir
1072 3394 1262 3460 &Mambre
1287 3391 1496 3458 Kircbeulzist.
1509 3392 1571 3474 Η,
1599 3393 1771 3459 Βεᾶμ172
1792 3394 1973 3478 emacem
2002 3395 2145 3462 Urlruade
2170 3395 2207 3458 ist

271 3511 277 3520 “
378 3499 463 3565 uiolet
478 3498 564 3563 coelur
580 3497 771 3579 varicantem
794 3499 850 3564 der
864 3499 1080 3564 nucbstclecnde
1096 3486 1243 3564 Abdruclc
1259 3495 1339 3576 nudi
1355 3496 1453 3560 ciuem
1472 3493 1672 3578 &cimmeriis
1691 3497 1745 3562 des
1762 3495 1865 3563 Ruths
1885 3519 1946 3564 aas
1961 3499 2032 3564 dem
2051 3503 2103 3565 15.
2119 3497 2209 3564 Juler·

379 3601 518 3668 buadert.
554 3600 647 3668 Ucter
663 3601 830 3666 dornsclben
845 3601 1088 3686 Datumerpiup
1105 3622 1147 3666 aa
1165 3601 1222 3665 den
1240 3599 1303 3665 Art
1320 3619 1379 3664 uon
1389 3598 1652 3682 Riddagshuuseri
1668 3601 1727 3668 dus
1739 3600 2075 3690 Ereoutorialmundut
2092 3601 2207 3668 welcbes

368 3699 561 3790 ,plctclrfclld
572 3725 635 3769 aar
655 3705 691 3769 iu
714 3705 782 3768 desa
802 3704 1004 3770 bereicbceten
1023 3703 1223 3786 Copialbucbe
1245 3701 1382 3767 errares
1395 3701 1451 3796 ff·
1490 3701 1600 3767 Bere·
1614 3702 1779 3770 Urlcuudea
1801 3703 1920 3770 werden
1941 3726 2000 3792 pon
2018 3705 2146 3788 Hernpel
2167 3704 2216 3767 im.

384 3799 471 3874 Vera.
489 3806 691 3871 niedersiicbs.
713 3805 783 3873 Urb.
802 3807 962 3888 fdlscble'cb
977 3809 1012 3872 iu
1029 3808 1087 3872 dus
1105 3805 1188 3872 Jubr
1207 3809 1298 3872 1255
1314 3809 1432 3889 gerelm
2064 3807 2126 3873 Hn.

377 3994 591 4065 Allexander
609 3995 797 4077 episcopus,
816 4013 928 4059 sersus
946 3999 1113 4059 servorum
1131 3993 1198 4075 dei,
1218 3994 1265 4059 di·
1318 3992 1513 4076 vellegatis¹
1529 3993 1599 4076 ejus
1611 3995 1804 4077 impetratis,
1819 4000 1877 4060 aut
1888 3997 1988 4062 eciam
2001 3993 2208 4081 impetrandis

376 4106 462 4172 lecto
479 4105 554 4172 mio
577 4105 678 4172 nobili
700 4107 769 4171 viro
794 4105 869 4172 duci
881 4105 925 4172 de
943 4105 1110 4171 Brunsrrik
1128 4107 1270 4171 salutem
1317 4105 1382 4188 per'
1393 4124 1475 4187 quas
1492 4103 1678 4188 hujusmodi
1691 4109 1855 4172 consessio
1866 4107 1973 4174 reluat
1981 4109 2130 4193 inpediri.
2149 4108 2207 4172 De·

378 4225 413 4284 et
436 4218 651 4302 apostolicam
675 4217 942 4314 benedictionem.
976 4218 1021 4284 Ut
1049 4224 1107 4284 tua
1129 4219 1266 4302 supplex
1319 4218 1479 4281 cernimus
1503 4218 1614 4295 eciam,
1632 4223 1670 4282 ut
1688 4219 1715 4283 si
1734 4217 1873 4302 aliquid²
1895 4225 2011 4286 contra
2028 4217 2209 4305 hujusmodi

377 4330 506 4398 devotio
530 4335 563 4396 et
586 4329 715 4396 devota·
733 4329 936 4421 supplicatio¹
951 4351 1012 4396 nos
1035 4329 1208 4410 inducunt,
1231 4335 1269 4395 ut
1321 4329 1539 4395 concessionis
1556 4335 1669 4394 nostre
1692 4336 1839 4396 tenorem
1857 4352 1878 4398 a
1900 4331 2066 4417 quoduam
2084 4332 2208 4434 exstite

376 4442 618 4527 tibi'qaantum
637 4464 711 4509 cum
736 4441 797 4508 deo
815 4463 988 4525 possumus
1012 4442 1151 4525 gratiam
1169 4447 1203 4507 et
1219 4441 1268 4506 ia·
1320 4442 1365 4505 rit
1387 4442 1520 4524 propria
1543 4443 1729 4506 temeritate
1752 4447 1995 4527 presumptum,
2018 4445 2073 4509 sit¹
2086 4443 2207 4510 irritum

379 4573 490 4620 vorem
508 4554 732 4638 inpendemus,
751 4561 935 4637 eapropter,
947 4545 1066 4620 dilecte
1083 4553 1118 4618 in
1137 4553 1266 4619 domino
1321 4555 1354 4622 st
1375 4553 1483 4617 inane.
1512 4551 1598 4618 Nulli
1618 4549 1843 4639 argo'omnino
1861 4555 1983 4622 homini
2006 4557 2105 4622 liceat
2128 4554 2207 4618 hanc

378 4664 433 4746 fili,
446 4667 512 4730 tuis
524 4665 648 4731 devotis
660 4665 812 4752 precibus
823 4665 1043 4733 favorabiliter
1059 4664 1206 4744 inclinati
1217 4679 1267 4730 eo-
1318 4663 1471 4748 paginam
1489 4670 1599 4729 nostre
1618 4666 1834 4742 concessionis
1851 4667 2025 4752 infringere
2043 4667 2095 4733 rel
2113 4667 2143 4732 ei
2153 4685 2208 4730 au·

379 4777 496 4844 elesius
507 4777 736 4843 conventuales
753 4797 880 4843 necnon
898 4777 1100 4860 parochiales
1118 4797 1190 4842 oum
1201 4775 1269 4842 auls
1320 4795 1359 4841 su
1383 4777 1557 4840 temerario
1580 4779 1752 4842 contraire.
1789 4777 1823 4844 Si
1847 4780 1919 4864 quis
1944 4785 2055 4845 autem
2079 4775 2141 4844 hec
2162 4783 2207 4841 at·

380 4887 513 4972 capellis
531 4895 625 4955 extra
644 4893 679 4952 et
699 4889 785 4954 infra
802 4889 966 4954 civitatem
982 4887 1268 4965 Brrmauicensem,
1321 4893 1484 4970 temptare
1508 4889 1757 4971 presumpserit,
1783 4889 2041 4975 indignacionem
2066 4889 2208 4972 omnipo·

378 4999 1270 5083 HildesemensisetHnlberstadensisdiocesium,ajure
1321 4999 1421 5064 tentis
1439 4999 1491 5064 dei
1516 5005 1550 5064 at
1572 4999 1744 5066 beatorum
1761 5000 1850 5067 Petri
1873 5008 1908 5067 et
1929 5003 2021 5068 Pauli
2045 4999 2208 5086 apostolo·

380 5111 627 5178 diomsanorum
639 5131 712 5176 oum
724 5113 810 5177 omni
819 5111 972 5178 libertate
984 5111 1180 5178 auctoritate
1193 5131 1269 5194 apo·
1321 5131 1396 5175 rum
1410 5110 1485 5194 ‘ejus
1502 5130 1536 5176 so
1555 5113 1683 5178 nouerit
1699 5113 1913 5180 incursurum.
1944 5115 2091 5198 Anagnis
2108 5111 2209 5196 pridie

385 5223 504 5292 stolioa
522 5222 670 5292 duximus
690 5222 885 5304 eximendae,
903 5221 1196 5290 nonobstantibus
1213 5222 1269 5288 nli·
1322 5221 1413 5288 Ydus
1431 5223 1581 5308 Augusti,
1599 5223 1809 5307 pontificatus
1826 5228 1931 5293 nostri
1953 5246 2038 5293 anno
2057 5224 2208 5293 seeundo.

378 5325 617 5424 qmbus'literis
634 5355 692 5401 seu
713 5333 920 5420 indulgentiis
943 5357 963 5402 a
987 5337 1064 5403 tede
1084 5333 1269 5421 apostolica

647 5472 789 5484 -·---
969 5462 976 5498 l

378 5563 417 5618 la
434 5563 485 5618 der
501 5561 659 5616 Hcaderlrr.
678 5559 707 5625 1)
726 5559 882 5626 legatorum.
950 5558 987 5618 2?
1000 5559 1104 5630 aliquis.
