4792 6242
1151 489 1155 494 .
1248 437 1324 516 206
1411 487 1418 502 ,

369 637 544 750 Martinus
563 677 743 760 episcopus,
762 698 874 744 servus
891 697 1057 758 semorum
1070 677 1131 756 dei,
1150 675 1193 742 ed
1207 675 1256 740 fu·
1309 685 1557 765 mildunensium
1571 693 1598 742 st
1612 645 1798 757 capitulorum,
1816 677 2005 742 ΗΗΗΗΗΗΗπ
2014 675 2122 768 ιΗεΗιΗι
2136 687 2201 742 dari

370 794 475 864 tu'rarn
494 789 541 854 rei
560 790 756 858 memoriam.
781 788 911 856 Sincere
923 787 1110 860 devotionis
1119 783 1257 854 affectus
1300 795 1445 856 ΗΗΗΗΗ
1461 798 1695 856 nubent-densa
1713 797 1997 856 ctHddcscneusiaet
2012 795 2200 854 mmmdcc.

302 891 307 906 ’
370 900 485 991 quem
480 901 590 971 dilecti
601 900 659 968 dlii
675 901 897 984 proconsules,
914 901 1066 971 consules
1079 922 1119 966 ac
1133 901 1258 972 univer·
1310 909 1404 966 cedere
1420 911 1593 980 uocabatur,
1604 899 1692 968 idem
1703 899 1885 966 Bonifatius
1896 899 2049 982 paralius
2061 919 2138 964 suas
2150 899 2200 966 iit

370 1014 451 1083 sins
464 1013 552 1096 opidi
562 1013 824 1093 Brunswioensis,
837 1014 925 1098 quod
936 1014 1024 1080 velut
1010 1014 1105 1096 tiper
1115 989 1257 1078 medium
1310 1015 1404 1076 teras
1416 1021 1550 1080 'ardunum
1562 1022 1721 1112 hvrjusmodi
1739 1029 1767 1078 et
1783 1037 1942 1092 quecunque
1960 1021 2021 1076 iude
2039 1029 2133 1078 secuta
2150 1032 2201 1078 re·

369 1115 545 1206 transitum
561 1123 701 1190 fluminis
720 1107 857 1192 divisum
868 1125 1122 1191 Hildesemensis
1134 1123 1257 1190 etHal·

368 1237 459 1304 barat
445 1236 590 1302 tudensis
609 1235 691 1302 dioc.
706 1238 775 1308 exis
778 1239 827 1316 tit,
778 1237 888 1318 ΗΜ
901 1244 1008 1319 noqet
1020 1253 1188 1304 romanam
1203 1237 1257 1319 gs·

369 1349 446 1420 rdnt
465 1349 643 1428 eeclesiam,
662 1313 873 1432 non'indigne
890 1354 1044 1428 meretur,
1063 1354 1100 1414 ut
1113 1349 1257 1432 ipsorum

252 1459 255 1466 '
302 1447 306 1456 ’
360 1461 596 1544 peticionibus,
622 1451 877 1544 illispresertim
903 1481 963 1544 per
987 1481 1069 1544 quas
1095 1459 1257 1526 scandalis

369 1573 519 1641 obviatur
548 1594 587 1638 ao
618 1592 730 1638 eorum
754 1573 856 1655 quieti
863 1567 1019 1638 consulit
1005 1577 1074 1653 tur,
1100 1576 1202 1657 quant
1203 1592 1258 1636 um

369 1707 441 1750 oum
460 1685 522 1750 dec
541 1705 713 1767 possumus
730 1684 952 1750 favorabiliter
970 1705 1167 1780 annuamus.
1190 1684 1279 1748 Du·

363 1797 447 1874 'dum
472 1779 631 1881 siquidem
661 1796 840 1879 quondam¹
865 1797 974 1897 Bonaf
971 1797 1073 1861 atio
1064 1819 1096 1861 in
1119 1817 1180 1864 sua
1203 1796 1258 1866 ob·

255 1905 258 1914 ’
369 1909 520 1984 odientis,
540 1909 580 1974 de
600 1930 672 1994 qua
682 1915 798 1991 partes
808 1910 860 1976 ille
880 1889 959 1974 eran
961 1915 1074 2004 ttuno,
1090 1925 1162 2007 vuij
1176 1927 1258 1972 nun-

337 2051 343 2064 ·
366 2026 549 2104 cupato'pro
561 2039 638 2100 parte
652 2031 1150 2114 eonmdemprocousulumcousulam
1160 2037 1191 2088 et
1202 2002 1258 2084 uui·

368 2145 502 2202 versitatis
513 2143 729 2213 expositu-quod
739 2143 791 2212 ipsi
801 2143 985 2224 proconsules,
996 2143 1158 2198 consulesne
1170 2143 1258 2210 singu·

367 2257 439 2310 lares
455 2270 571 2325 persone
588 2255 727 2322 utriusque
744 2269 824 2312 sexus
844 2255 878 2309 de
895 2255 1069 2318 universitate
1083 2254 1206 2324 predicta
1223 2254 1258 2310 ab

366 2368 487 2438 ipsorum
506 2367 645 2429 ordinariis
661 2373 691 2420 st
707 2366 901 2422 mohidiacouis
918 2368 971 2424 loci
987 2373 1015 2422 et
1025 2367 1132 2422 illorum
1144 2365 1259 2421 officiali·

254 2515 256 2518 -
368 2463 419 2536 bna
429 2479 609 2548 multiplieiter
625 2479 793 2562 vexabantur
805 2486 832 2532 et
842 2484 919 2534 extra
935 2479 1035 2540 dictum
1047 2478 1156 2547 opidum
1167 2467 1259 2548 sepius]

368 2579 535 2672 pdjudlcium
545 2590 721 2660 trahebantur
735 2590 770 2645 Μ
784 2590 991 2659 comparendum
1002 2604 1095 2655 ‚coram
1108 2590 1258 2666 ordinariis,

356 2699 561 2794 'achidiacouis
579 2709 627 2760 aut
644 2701 797 2766 offitialihus
815 2702 966 2772 antedictis,
982 2710 1010 2758 et
1023 2695 1265 2782 proptereaencr!

367 2817 421 2872 mn
438 2815 565 2878 cuna
575 2796 655 2869 emm
666 2814 788 2884 menesii
801 2814 877 2870 suut
889 2814 1009 2883 ejusdem
1022 2814 1102 2890 opius
1114 2830 1146 2872 cc
1159 2813 1258 2892 ardes

369 2927 585 3024 proconsulibus,
603 2925 756 2986 cousuhhns
774 2933 802 2980 et
818 2926 985 3008 universitati
1001 2943 1034 2982 ac
1045 2927 1168 2996 personis
1179 2926 1271 2980 inuti-'

352 3039 409 3094 'les
426 3051 545 3106 expense
562 3045 589 3094 et
606 3037 710 3100 damus,
720 3037 908 3110 intollerabilis
929 3038 1096 3106 frequentius
1114 3037 1258 3106 subseqne-

369 3138 748 3228 hautvsr,'etnoubullaetiap1
761 3149 903 3210 homicidia
912 3151 1104 3220 premissorum
1118 3150 1260 3207 occasione

267 3329 269 3332 ¹
370 3261 530 3331 quaudoque
547 3245 704 3330 perpetrata
718 3261 840 3318 fueraut:
855 3251 1002 3352 prefatus
1014 3250 1195 3316 Bonifatius
1209 3261 1258 3318 eis·

317 3383 322 3394 '
369 3374 430 3431 dem
448 3357 668 3443 'proconsulibus
690 3361 846 3429 'consulibus
869 3379 898 3428 et
915 3374 1090 3443 universitati,
1111 3379 1142 3452 ut
1155 3373 1216 3446 ‚ipsi
1232 3379 1261 3427 et

343 3538 347 3550 ,
368 3501 489 3556 persone,
500 3486 528 3540 in
545 3484 628 3548 dicto,
643 3484 724 3555 opido
741 3463 795 3555 pro’
815 3492 936 3554 tempore
955 3485 1258 3558 commorantesuequi·

184 3563 188 3574 Ι
255 3655 259 3662 .
368 3601 429 3654 ΝΜ
445 3577 594 3655 litterarum
609 3581 820 3665 sposmhc‘smr'n
839 3613 887 3657 seu
904 3598 1055 3666 legatorum
1065 3595 1137 3652 sedis
1149 3587 1257 3665 aposto:

1309 1124 1445 1201 vocavit,
1465 1125 1605 1190 cassavit
1623 1127 1658 1188 st
1677 1124 1837 1204 irritavit,
1851 1135 2007 1214 nudusque
2021 1149 2081 1195 csse
2098 1123 2202 1188 voluit

1309 1246 1415 1302 roboris
1432 1246 1474 1300 vel
1491 1247 1624 1324 momenti
1652 1247 1691 1302 ΕΗ
1708 1247 1902 1315 subsequenter
1919 1261 1970 1314 pro
1989 1249 2071 1314 parte
2084 1261 2201 1315 precon-

1310 1359 1406 1428 sulnm;
1424 1358 1563 1416 consulum
1581 1365 1608 1412 et
1625 1359 1806 1430 universitatis
1822 1357 2004 1442 predictorum
2022 1346 2127 1412 eidem
2138 1346 2202 1426 Βο-

1310 1459 1424 1540 nisatip
1436 1477 1564 1552 reserato,
1576 1469 1650 1538 quod
1660 1461 1760 1532 dictum
1772 1469 1880 1538 opidum
1892 1467 2130 1556 ahflildesemensi
2142 1467 2204 1527 fere

1310 1595 1359 1654 per
1368 1599 1450 1638 uuam
1463 1590 1490 1636 ct
1500 1569 1538 1637 ab
1549 1571 1770 1664 Halterstadensi
1781 1581 1932 1640 amathus
1948 1580 2085 1650 predictis,
2103 1581 2202 1650 inqui·
2230 1643 2233 1650 ,

1310 1683 1366 1749 tus
1379 1694 1442 1750 uei
1459 1694 1602 1762 cremas·
1612 1693 1793 1751 arcuum
1810 1699 1838 1747 et
1855 1667 1979 1750 enchra
1991 1693 2204 1762 mansissem
2290 1757 2296 1770 ⁸

1296 1808 1411 1866 tionem
1434 1807 1595 1861 exercebant
1617 1789 1666 1860 seu
1690 1819 1740 1860 sna
1762 1803 1905 1860 tribunalia
1922 1804 2051 1858 tenebant
2067 1821 2118 1874 pro
2135 1812 2204 1860 tem·
2254 1819 2258 1834 ·

1310 1929 1385 1988 pore,
1408 1925 1436 1973 et
1458 1917 1494 1975 ad
1516 1933 1584 1986 quas
1607 1916 1715 1984 quidem
1735 1917 1857 1972 civitates
1876 1916 1995 1984 predicti
2017 1889 2204 1998 proconsules,

1310 2031 1433 2102 eonsules
1451 2035 1479 2084 et
1495 2041 1610 2099 persone
1628 1997 1677 2098 per
1695 2028 1853 2092 ordinarios,
1870 2028 2072 2084 archidiaconos
2084 2034 2132 2082 aut
2143 2028 2205 2102 offi-

1310 2143 1387 2198 tiales
1404 2143 1478 2210 ipsos
1496 2142 1523 2196 iu
1541 2137 1647 2196 asum
1665 2155 1713 2201 seu
1731 2140 1820 2196 causis
1834 2140 2075 2216 quorumlcognitio
2092 2139 2203 2206 deequ-

1311 2254 1451 2310 suctudine
1469 2255 1511 2308 vel
1524 2253 1562 2308 ‚de
1577 2253 1645 2322 jure·
1657 2252 1693 2306 ad
1710 2267 1757 2308 eos
1775 2252 1923 2306 comnmter
1939 2252 1982 2306 vel
2000 2251 2103 2310 dnum
2120 2253 2203 2321 pesti·

1311 2368 1400 2438 nebat,
1417 2382 1468 2444 pro
1486 2371 1606 2436 tempore
1624 2352 1808 2433 adjudicium
1825 2363 2013 2434 avocabantur,
2031 2364 2103 2426 ultra
2120 2379 2204 2420 uuam
2229 2367 2243 2394 '⁶

1310 2477 1396 2534 dietas
1413 2478 1514 2546 legales
1538 2476 1645 2534 notorie
1662 2471 1801 2545 distarent,
1819 2483 1847 2530 et
1867 2475 1947 2544 quod,
1960 2473 2122 2544 quaudoque
2139 2491 2204 2532 onn-

1310 2591 1430 2659 tiugcbat
1447 2590 1527 2645 edam
1544 2559 1831 2663 propterindiaoretm
1848 2588 1994 2642 citariones
2010 2594 2038 2641 et
2055 2601 2204 2657 processus

1310 2719 1379 2772 quos
1396 2679 1531 2757 faciebant
1548 2671 1663 2770 predicti
1688 2699 1824 2770 ordinarii,
1841 2698 2022 2756 archidiaconi
2039 2714 2087 2760 seu
2104 2697 2204 2757 officia

1309 2817 1349 2871 les
1371 2831 1421 2885 pro
1445 2821 1576 2883 tempore,
1601 2805 1690 2881 quod⁸
1714 2811 1870 2880 hujumodi
1890 2810 2041 2888 homicidia,
2065 2825 2204 2896 retineret,

1310 2927 1437 2992 scandala
1454 2932 1481 2980 et
1497 2925 1616 2992 moncia
1633 2925 1748 2993 plurima
1758 2929 1836 2980 erant
1849 2929 1944 2994 sporta
1959 2923 2204 3004 etsusrittrsntnr,

1310 3046 1339 3096 et
1356 3038 1589 3094 valdeonerosum
1594 3043 1668 3097 esset
1680 3035 1894 3104 proconsulibus,
1912 3033 2068 3112 comnibus
2080 3049 2130 3090 sen
2143 3035 2204 3090 uui·
2220 3003 2242 3092 ι.

1309 3151 1431 3208 vestus
1452 3149 1587 3220 predictis,
1610 3149 1638 3202 in
1660 3147 1815 3202 creasses
1830 3146 1930 3202 usses
1953 3146 2094 3216 seusun
2106 3147 2135 3202 Η
2151 3109 2201 3202 'cc-

1310 3265 1384 3320 sibus
1404 3279 1455 3318 seu
1481 3263 1570 3316 causis
1588 3259 1742 3316 condiens:
1759 3247 1919 3338 ‚prefatus
1937 3247 2120 3324 Bonifatius
2141 3268 2204 3331 per

1310 3366 1392 3430 alins
1408 3361 1485 3432 suas
1503 3364 1632 3444 litteras
1647 3361 1764 3426 statuit
1776 3365 1810 3426 et
1825 3361 1923 3444 etiam
1938 3359 2110 3439 ordinavit,
2128 3371 2205 3439 quod
2228 3375 2233 3386 ’
2323 3337 2327 3358 ’

1309 3488 1388 3554 iidem
1400 3486 1527 3560 ordinarii
1538 3491 1566 3539 et
1576 3483 1756 3538 archidiaconi
1767 3499 1799 3537 so
1809 3497 1980 3569 successores
1991 3482 2138 3562 eorundem
2145 3497 2205 3552 ,pro

1309 3595 1432 3669 tenpore
1449 3599 1594 3658 existentes
1612 3579 1727 3667 aliquem
1737 3593 1787 3666 'vel
1803 3595 1907 3662 aliquos
1925 3579 2120 3682 doannm'sen
2131 3595 2204 3650 vica·

367 3708 418 3764 lice
428 3686 699 3778 impetraturum,'per
714 3724 781 3777 quas
796 3709 915 3766 noudum
925 3709 962 3780 ad
973 3711 1129 3764 citaoionem
1141 3711 1258 3778 partium
1309 3715 1372 3782 rios,
1391 3710 1524 3768 offitialem
1542 3709 1583 3762 vel
1598 3707 1719 3764 offin'ales
1734 3706 1868 3780 ydoneum
1886 3719 1933 3760 seu
1951 3705 2079 3776 ydoneos,
2091 3705 2126 3760 ad
2143 3707 2205 3776 ¹hoc

369 3827 428 3876 arat
444 3837 608 3890 processum,
626 3836 674 3890 seu
690 3822 863 3889 imposterum
880 3821 1115 3904 impetra-adanam,
1133 3837 1259 3910 quorum>
1311 3795 1402 3893 aptum
1415 3821 1466 3886 vel,
1478 3828 1560 3891 aptos
1578 3821 1613 3874 ad
1631 3785 1853 3911 exanimationem
1870 3833 1918 3890 seu
1936 3797 2094 3877 decisionem
2108 3819 2204 3887 hnjus-

259 3997 260 4000 ,
369 3947 474 4001 mitte
496 3937 622 3988 “mmm
640 3933 794 4002 ‘fiderent
817 3949 871 3989 [¹⁰¹²
893 3933 1022 3988 &⁰³0³oess
1039 3933 1146 4002 Plffltm
1168 3939 1196 3986 tt
1213 3948 1258 4004 ex:
1310 3937 1382 3992 modi
1393 3935 1582 4004 emergentium
1593 3947 1705 3986 casuum
1715 3946 1764 3984 seu
1775 3929 2109 3998 causarumramcjcssium
2121 3945 2202 3998 qm

364 4060 499 4118 pressam,
513 4061 544 4098 ao
568 4044 601 4098 de
621 4046 709 4130 ,verbo
734 4045 768 4099 ad
794 4045 903 4100 verbum
927 4045 960 4099 de
974 4045 1087 4099 *indulto
1104 4021 1258 4112 hurjusmodi
1310 4048 1492 4116 criminalium,
1517 4061 1569 4114 que
1592 4045 1663 4110 inter
1688 4041 1796 4097 eosdem
1818 4021 1993 4128 proconsules
2019 4047 2047 4096 et
2069 4047 2202 4110 personas

370 4158 538 4226 mentionem,
556 4156 611 4212 sire
629 4156 825 4240 ordinetiorum
842 4164 869 4212 et
887 4157 1136 4212 archidiaconorum
1153 4171 1186 4210 ac
1203 4154 1258 4210 offi·
1309 4176 1414 4216 necnon
1434 4159 1539 4221 incolas
1565 4157 1686 4226 ejusdem
1704 4153 1776 4234 opidi
1801 4133 1940 4236 presentes
1962 4163 2027 4240 tuuc
2045 4159 2072 4207 et
2094 4152 2203 4240 tutatos

363 4244 655 4338 'fidium'prcdctcrum
678 4270 838 4334 auctoritate
856 4276 934 4326 extra
953 4267 1051 4322 dictum
1069 4241 1178 4337 opidum
1196 4283 1257 4321 con·
1311 4273 1382 4342 oriri,
1400 4287 1448 4327 seu
1466 4255 1561 4326 oou‘tra
1573 4261 1812 4324 ecsedmnduiter
1826 4264 1990 4350 veldivisim
2006 4279 2056 4339 per
2069 4279 2200 4332 quoscun-

369 4383 452 4439 veuiri
473 4367 516 4436 'vel
534 4381 618 4450 'trahi
636 4379 779 4436 dummodo
802 4380 854 4449 ipsi
877 4365 1060 4450 proconsules,
1080 4380 1207 4434 eonsules
1232 4385 1259 4433 et
1312 4401 1363 4453 que
1381 4383 1482 4438 moveri
1499 4383 1675 4450 contingeret,
1692 4385 1719 4434 et
1737 4385 1850 4446 quorum
1867 4373 2028 4432 examinatio
2043 4376 2199 4460 seuwdicisio

289 4495 293 4504 '
329 4521 333 4532 ·
369 4493 529 4558 universitas
542 4491 612 4546 infra
623 4491 727 4546 dictum·
735 4491 844 4560 opidum
855 4501 946 4546 esseut
963 4492 1051 4560 parati
1067 4491 1178 4560 deipsis
1195 4507 1257 4545 eou-
1310 4495 1345 4550 cd
1362 4495 1450 4551 torum
1472 4495 1593 4563 ipsorum
1611 4491 1806 4547 ordinariorum
1824 4505 1876 4543 seu
1889 4476 2138 4574 archidiaconorum
2161 4488 2199 4543 lo·

370 4571 542 4674 querentibus
560 4603 685 4658 exhihere
700 4603 805 4674 justitie
823 4603 1044 4673 complementum
1062 4605 1152 4658 oolam
1166 4602 1258 4670 judice
1310 4624 1402 4664 corum
1420 4607 1453 4662 de
1476 4603 1669 4663 consuetudine
1686 4602 1728 4656 vel
1748 4601 1813 4670 jure
1834 4599 2075 4672 communitervel,
2089 4599 2199 4668 divisim,

371 4717 547 4785 competenti,
571 4731 620 4784 per
638 4713 767 4783 quasdam
785 4693 862 4786 duait
884 4714 1080 4783 indulgendum,
1100 4728 1181 4782 super
1206 4713 1258 4767 illis
1310 4725 1342 4774 ut
1358 4718 1507 4788 prefertur,
1525 4733 1573 4771 seu
1591 4715 1657 4770 alias
1676 4713 1876 4785 quomodolibet
1901 4711 2056 4783 spectabat,
2074 4711 2199 4766 deberent

370 4828 473 4884 dilectis
491 4827 551 4881 filiis
570 4817 666 4881 abbate
683 4827 838 4882 monasterii
857 4827 942 4881 sancti
955 4825 1044 4895 Egidii
1061 4833 1089 4880 et
1102 4826 1202 4880 decano
1215 4841 1257 4886 ec·
1309 4803 1499 4904 protempore
1517 4815 1656 4898 deputare,
1673 4823 1795 4880 inhibens
1812 4799 1959 4883 districtius
1977 4821 2078 4880 endem
2096 4823 2197 4880 ordina

370 4941 450 5010 obsis
468 4939 554 5000 sancti
571 4939 654 4994 Blasii
671 4938 735 4993 dicti
753 4939 827 5008 opidi
844 4930 1035 4994 moeroribus
1053 4939 1180 5008 pnntns
1193 4953 1256 4992 suas
1310 4933 1367 5012 riti,
1383 4941 1576 4998 condiaconis
1594 4945 1622 4994 ct
1639 4938 1791 4994 cffidulitus
1808 4944 1873 4991 tunc
1891 4935 2028 5006 depuntis
2044 4944 2101 4990 seu
2110 4936 2138 4990 in
2155 4949 2197 4989 m·

369 5053 475 5108 httmas
486 5045 696 5119 deputans
653 5041 696 5104 Bt
711 5040 827 5105 deinde
839 5060 899 5124 per
910 5039 1048 5104 eundem
1062 5040 1268 5106 Bonifatium
1311 5062 1357 5110 tec
1373 5053 1542 5123 deputandis,
1555 5061 1589 5108 ns
1601 5051 1654 5120 ipsi
1665 5050 1827 5142 reicitqui
1819 5065 1939 5118 ipsorum
1956 5063 2006 5117 per
2019 5028 2048 5102 se
2061 5048 2198 5104 vahalim

273 5163 278 5174 '
370 5170 490 5232 accepto,
509 5161 581 5229 quod
597 5161 736 5216 indultum
729 5163 899 5231 hujusmodi
913 5163 942 5216 iu
959 5179 1014 5218 non
1025 5162 1157 5218 modicum
1167 5163 1258 5231 preju
1311 5183 1359 5222 sen
1377 5166 1445 5221 ahos
1461 5165 1646 5246 proconsules,
1658 5137 1789 5231 consules,
1807 5161 2014 5230 universitatem,
2031 5160 2197 5228 penontset
2223 5213 2228 5224 ,

362 5274 663 5333 'dictumvenerahilinm
684 5273 797 5327 frenum
813 5281 970 5330 nostrorum
981 5273 1217 5332 Halterstadensis
1231 5279 1274 5328 et
1310 5280 1412 5334 incolas
1431 5275 1580 5332 antedictos
1598 5275 1773 5366 communiter
1789 5273 1847 5327 vel·
1853 5271 1968 5341 divum,
1987 5267 2114 5339 quandiu
2131 5259 2198 5325 ΗΗΗ

285 5439 292 5452 ,
368 5385 576 5443 Hlldesemeusis
595 5366 788 5454 episcoporum,
802 5401 834 5440 ac
846 5386 1002 5442 dilectorum
1014 5385 1129 5441 filiorum
1138 5386 1258 5455 ipsorum
1310 5391 1410 5446 dictum
1433 5388 1541 5458 opidum
1564 5403 1664 5442 ceram·
1676 5355 1775 5441 endem
1795 5383 1901 5439 meariis
1924 5399 1972 5438 seu
1984 5381 2152 5452 oscinibus,
2168 5383 2196 5436 ut

369 5521 500 5528 -—--—-

369 5585 399 5652 Ῑ)
418 5615 451 5624 -·
469 5586 576 5652 <itidem
595 5567 727 5652 qu⁰¹¹tf⁸¹¹¹
747 5583 801 5646 “tif
816 5581 916 5634 ΒΜ
1006 5581 1035 5644 ²)
1057 5611 1087 5622 -·
1107 5547 1338 5644 orsecetesnrum
1357 5587 1412 5652 aas
1428 5585 1529 5645 Bostar.
1588 5582 1710 5648 -3)·1m
1733 5537 1873 5650 Orfps'able
1890 5593 1950 5648 quc.
2009 5579 2016 5594 '
2132 5569 2137 5582 '
