4822 6238
1146 417 1453 526 *te-

382 654 597 736 obligavimus
622 653 1017 746 corporali'possessioni,
1036 653 1069 716 in
1095 673 1192 735 quam
1216 673 1272 717 eos
1326 653 1483 736 galerum,
1502 675 1584 736 quos
1595 659 1733 737 patruus
1750 659 1865 718 noster
1877 651 1955 724 Otto
1967 651 2032 716 dux
2045 651 2084 716 de
2096 651 2215 716 Bruns-

380 766 537 830 mittimus
557 785 596 828 ex
614 785 712 842 nunc,
740 785 865 828 omnem
883 765 1070 846 pensionem
1089 770 1123 828 et
1141 785 1272 828 censum
1325 766 1404 829 wich
1429 773 1462 830 et
1487 766 1527 829 ele
1550 765 1746 831 Luneborch
1773 766 1923 847 princeps
1956 765 2087 828 inclitus
2112 763 2217 828 adhuc

348 913 351 921 «
381 890 477 964 quem
495 877 650 941 babemus
667 876 700 938 in
720 876 849 942 civitate
868 881 982 939 nostra
995 875 1192 940 Brunswich:
1214 877 1272 940 sci·
1325 877 1425 940 babet
1453 878 1547 941 nobis
1577 850 1827 959 presentandos,
1859 876 1937 940 illud
1962 877 1995 940 in
2013 875 2216 940 solucionem

379 990 455 1053 lieet
488 987 642 1072 quidquid
669 987 707 1050 de
728 987 872 1069 judiciiS,
904 987 1100 1068 advocaciiS,
1133 989 1271 1064 teloniis,
1325 988 1410 1052 dicte
1433 989 1568 1070 pecunie
1589 995 1647 1053 aut
1669 988 1928 1070 redempcionem
1955 987 2119 1070 pensionis
2142 1008 2215 1068 pre·

379 1101 527 1178 monetis,
548 1099 741 1182 specialibus
755 1099 895 1181 judiciis,
917 1097 1073 1182 quidquid
1086 1099 1125 1162 de
1139 1099 1271 1163 distinc-
1325 1099 1410 1164 dicte
1428 1101 1575 1164 totaliter
1594 1093 1828 1164 convertemus.
1874 1091 2029 1164 Volumus
2050 1099 2160 1176 eciam,
2180 1103 2216 1162 ut

379 1215 422 1278 tis
446 1214 568 1276 nostris
593 1211 845 1294 oppidisSacco
871 1216 904 1274 et
928 1211 1028 1274 veteri
1053 1211 1122 1274 vico
1150 1212 1272 1294 poterit
1323 1213 1445 1294 placita
1464 1218 1497 1280 et
1515 1212 1664 1276 condicta
1683 1213 1789 1278 omnia
1808 1234 1846 1277 ac
1865 1212 1990 1295 singula
2004 1211 2121 1276 habita
2138 1217 2215 1276 ante

380 1324 535 1402 derivari,
561 1321 668 1387 omnia
692 1323 808 1388 tollent
835 1322 926 1386 sicud
945 1343 1004 1388 nos
1029 1344 1068 1388 ea
1090 1323 1273 1405 recepimus
1324 1345 1459 1406 presens
1486 1331 1614 1406 tempus
1634 1346 1707 1388 eum
1725 1323 1819 1390 dietis
1845 1323 2031 1404 consulibus
2053 1323 2115 1388 iste
2141 1345 2215 1388 con-

349 1437 450 1518 29992
471 1437 556 1531 jure..
611 1434 797 1498 Advocatus
828 1441 941 1498 noster
965 1455 1004 1498 ex
1032 1440 1127 1516 parte
1157 1441 1271 1516 nostra
1324 1443 1450 1502 tractus
1473 1459 1539 1502 non
1556 1437 1667 1514 viciet;
1687 1443 1738 1504 set
1757 1438 1821 1500 sint
1841 1437 1953 1504 salva⁸
1971 1438 2004 1500 in
2023 1440 2150 1517 tempus
2168 1435 2215 1502 fu-

378 1547 556 1630 presirlebit
571 1546 709 1628 judici0;
735 1545 891 1629 quidquid
908 1547 997 1611 ultra
1015 1566 1175 1628 expensas
1195 1566 1270 1610 999·
1325 1555 1433 1612 turum
1458 1548 1664 1627 omnimodis,
1691 1556 1727 1613 ut
1756 1549 1788 1612 in
1812 1548 1956 1630 presenti
1981 1553 2014 1612 et
2040 1553 2216 1630 postquam

378 1667 494 1724 suetas
511 1655 729 1726 neeessarias¹
749 1665 781 1720 et
794 1663 1013 1739 competentes
1033 1658 1072 1722 de
1092 1658 1270 1722 'commissis
1325 1661 1539 1742 exspiraverit
1568 1660 1661 1726 hio⁴.
1680 1665 1878 1724 contractus.
1920 1659 1962 1722 Et
1992 1663 2030 1724 ut
2057 1660 2217 1741 premissa

378 1772 439 1838 sibi
463 1772 632 1866 sustulerit
656 1791 695 1834 ex
718 1776 812 1852 parte
838 1775 951 1834 nostra
978 1770 1058 1851 ipsis
1085 1770 1270 1835 oonsulibus
1324 1778 1397 1836 rata
1416 1779 1449 1835 et
1472 1772 1669 1837 inviolabilia
1687 1777 1936 1850 conserventur,
1955 1771 2016 1836 hec
2033 1769 2151 1834 nobilis
2170 1771 2217 1834 vir
2278 1819 2284 1834 .

378 1869 597 1968 presentabit,
628 1889 662 1947 et
680 1883 764 1965 jura
781 1883 936 1959 civitatis,
961 1873 1059 1960 ¹sicud
1084 1883 1184 1946 moris
1210 1887 1269 1961 est,
1324 1903 1431 1947 comes
1462 1882 1631 1972 Cuouradus
1662 1883 1702 1948 de
1732 1879 1983 1966 Woldenberge,
2012 1883 2216 1948 Baldevvinus

377 1995 617 2073 manutenebit,
642 1999 676 2061 et
700 1993 843 2058 servabit
868 1993 1123 2058 consuetudines
1151 2014 1269 2076 appro·
1323 1996 1509 2079 prepositus
1528 1996 1634 2060 saneti
1653 1995 1752 2060 Blasii
1770 1999 1802 2060 in
1821 1978 2023 2072 Brunswiob,
2037 1991 2217 2060 Bertoldua

352 2109 486 2172 abatas.
532 2083 794 2189 ltem'quidquid
812 2106 914 2170 brazii
935 2105 1029 2169 nobis
1052 2101 1191 2170 derivari
1210 2125 1269 2187 po·
1324 2106 1363 2170 de
1375 2106 1533 2190 Honloge,
1553 2107 1726 2172 canonicus
1738 2106 1867 2184 ibidem,
1888 2105 2078 2188 Ludolphus
2091 2106 2132 2170 de
2143 2105 2215 2170 We·
2326 2131 2330 2144 ·

377 2221 455 2284 terit
486 2219 524 2282 de
546 2217 745 2282 molendinis
771 2219 891 2284 nostris
918 2217 1066 2282 omuibus
1090 2218 1123 2281 in
1148 2218 1268 2281 Bruns-
1321 2219 1474 2302 verlinge,
1493 2218 1681 2302 Ludolphus
1693 2219 1733 2283 de
1747 2218 1924 2298 Wendben,
1943 2218 2100 2283 Heuricus
2112 2217 2215 2282 freter

377 2331 457 2396 wich
475 2332 611 2395 nuncius
631 2336 743 2396 noster
761 2350 857 2412 quem
874 2329 917 2393 ad
934 2330 1040 2410 ipsum
1058 2329 1272 2412 colligendum
1325 2351 1417 2408 suus,
1436 2331 1600 2395 Jordanus
1619 2331 1658 2395 de
1679 2331 1800 2414 Campe
1821 2331 2035 2407 marscalcus,
2054 2329 2215 2394 Heuricus

381 2421 554 2507 statuimus
578 2442 670 2508 dabit
693 2464 732 2508 ex
756 2431 883 2524 integro
908 2440 1095 2506 consulibus
1121 2441 1270 2525 civitatis.
1309 2441 1364 2506 Ι(29
1380 2441 1497 2522 Werle,
1517 2441 1675 2506 Eebertus
1694 2442 1734 2507 de
1753 2441 1947 2520 As'seboreh,
1966 2437 2156 2523 Ludolpbus
2175 2441 2215 2505 de

351 2555 494 2619 tDictas
520 2560 629 2619 autem
654 2555 826 2638 pensiones
850 2554 883 2616 in
908 2574 1025 2636 genere
1045 2560 1079 2617 et
1101 2554 1134 2616 in
1165 2553 1271 2634 specie
1323 2553 1529 2637 Honlogeet
1553 2554 1744 2618 Fredericus
1768 2554 1808 2619 de
1831 2554 1985 2636 Ampleve
2008 2553 2128 2617 milites
2151 2551 2216 2617 fide

380 2667 499 2730 tollent
521 2663 740 2750 integraliter,
769 2655 872 2729 donec
892 2661 1018 2729 ¹sortem
1042 2664 1213 2746 capitalem
1237 2651 1271 2728 92
1325 2665 1403 2730 data
1414 2666 1492 2749 ipsis
1506 2665 1929 2747 consulibusprcmiserunt.
1945 2661 2081 2742 'Datum
2093 2665 2215 2729 Bruns·
2258 2653 2260 2657 ’

381 2777 555 2861 dampnum
581 2777 668 2862 quod
693 2778 869 2846 accreverit
895 2797 929 2841 99
958 2777 1025 2840 9299
1054 2775 1269 2841 diminucione
1292 2837 1296 2846 ,
1321 2777 1382 2859 wig
1404 2799 1463 2859 per
1481 2797 1612 2841 manum
1630 2776 1776 2852 Bertoldi
1794 2776 1835 2840 de
1853 2775 2001 2860 Houloge
2018 2777 2139 2841 notarii
2157 2795 2214 2840 no·

351 2891 525 2974 aqualibet
555 2891 725 2958 noverint⁹
757 2889 950 2972 percepisse.
1006 2887 1082 2952 Pret
1069 2894 1160 2953 terea
1194 2908 1270 2952 con·
1322 2889 1390 2968 stri,
1410 2908 1496 2953 anuo
1510 2888 1629 2953 domini
1647 2888 1814 2952 millesimo
1828 2887 2047 2952 ducentesimo
2071 2872 2216 2990 nonage-

380 3001 578 3066 dicionatum
596 3009 654 3079 est,
674 3000 760 3084 quod
780 3000 934 3084 quidquid
952 3000 1138 3083 provenerit
1124 2999 1196 3064 tde
1216 3021 1270 3076 ex·
1323 3001 1403 3068 simo
1422 2980 1530 3078 sexto,
1551 2999 1688 3065 sabbato
1708 2999 1792 3072 infra
1810 2999 1873 3064 fest
1860 3006 1929 3098 tum
1947 2983 2167 3124 pentecostes.

349 3114 522 3178 torsione
548 3113 747 3196 captivorum
770 3107 957 3178 nostrorum
982 3113 1123 3177 omnium
1149 3116 1182 3176 et
1206 3111 1270 3175 sin·

707 3507 791 3574 mv.
835 3495 1045 3572 9999999
1069 3505 1241 3572 nouzon
1258 3473 1606 3593 nnsnuonrslnr
1629 3505 1717 3570 nus
1738 3503 1883 3586 svam.

923 3628 925 3637 '
1170 3631 1250 3692 1296
1271 3627 1341 3702 Oct.
1318 3631 1411 3691 t22.

506 3799 1343 3918 DosOrrpmoluaStodtorcbiee,Perpomeat‚20‘
1366 3755 2216 3886 long,15“bocb,prossescbdrlcSchriftaufawae-

276 3959 279 3964 .
378 3907 429 3988 999
447 3907 502 3969 mit
520 3904 616 3968 Diale
630 3925 796 3987 99999999
813 3883 943 3981 199999,Ι
960 3923 1002 3965 99
1019 3901 1118 3967 rotber
1138 3901 1229 3966 Seide
1246 3904 1296 3966 eia
1313 3904 1398 3967 929919
1414 3879 1618 3987 bescbddipies
1635 3904 1749 3967 rurales
1763 3901 1862 3987 992999
1887 3899 2214 3984 accasamentis
2287 3903 2289 3906 ’

374 4007 575 4072 sebreiteader
587 4007 677 4070 Ldroe
688 4008 744 4070 mit
753 4006 922 4088 einfacbem
930 4005 1086 4088 9999929299
1096 4005 1198 4090 29992,
1219 4005 1402 4088 elnathan:
1396 4003 1446 4069 S
1448 4005 1521 4069 DEI
1533 4053 1646 4070 ......
1659 4003 1882 4073 ALBEll‘llD
1896 4053 1988 4068 .....
1988 4011 1993 4022 ’
2002 4001 2009 4067 .
2023 4052 2031 4068 .
2045 4051 2052 4068 .
2066 4052 2073 4066 .
2087 4052 2095 4068 .
2109 4002 2212 4069 svlo.

378 4111 546 4176 Gedraclt:
568 4109 647 4174 Rara
633 4115 747 4192 999999
766 4109 875 4174 02999.
897 4113 972 4172 592.

547 4213 589 4276 Ia
620 4220 644 4288 9
678 4219 723 4277 10
750 4213 829 4276 stelit
851 4211 1035 4292 1229999999
1062 4213 1113 4276 die
1142 4215 1219 4276 erate
1250 4211 1441 4296 Eiaseteaap
1470 4211 1890 4296 9299-2299999922999992299
1916 4211 1971 4294 fiir
2000 4210 2127 4295 1229999
2156 4231 2212 4276 voa

376 4316 521 4399 Biirpera
536 4333 628 4400 99999
645 4315 898 4392 1299929999999,
916 4315 981 4378 arrad
998 4314 1063 4378 29222
1079 4316 1138 4379 dos
1159 4314 1329 4382 0229929999
1349 4314 1519 4379 Sacri-ala
1533 4316 1588 4396 fiir
1604 4315 1718 4393 9999292,
1738 4315 1806 4378 weil
1823 4335 1855 4379 cs
1872 4321 1897 4390 2·
1916 4320 1959 4378 17
1976 4313 2067 4379 seleon
2085 4313 2213 4378 disselbe

375 4417 581 4503 Eimicbtaap
598 4421 683 4502 99992.
719 4419 800 4482 Deru
822 4417 942 4481 stellio.
964 4416 1307 4482 Salvator-Possidea-
1330 4438 1391 4480 999
1414 4417 1589 4501 9229992999
1601 4417 1741 4483 Grande
1758 4419 1912 4501 92299999,
1938 4417 2045 4482 coelebs
2061 4417 2127 4481 sicle
2144 4415 2210 4480 97999

376 4542 435 4585 ares
454 4523 507 4585 der
526 4523 631 4586 Natar
648 4517 702 4586 dor
721 4521 819 4586 Sueba
835 4542 875 4586 99
894 4520 1014 4604 999999
1032 4519 1180 4585 99999999.
1215 4519 1303 4584 Docb
1321 4519 1440 4583 rrerdea
1456 4520 1605 4586 9299992299
1622 4521 1718 4586 929999
1736 4523 1786 4586 dic
1812 4521 1911 4587 Wertc
1928 4520 2078 4604 bestotipt,
2105 4518 2212 4583 welche

375 4625 425 4706 dte
443 4623 681 4708 rambdsolpemle
706 4624 849 4690 29299919
873 4625 928 4688 cler
949 4623 1083 4707 92999999
1100 4622 1194 4687 Beati
1177 4639 1316 4706 9999999
1338 4628 1362 4696 t
1381 4627 1402 4685 4
1424 4622 1603 4707 litarafdpt:
1627 4623 1696 4689 also
1721 4625 1754 4688 bi
1772 4645 1845 4689 vser
1867 4623 1998 4688 elderen
2016 4622 2105 4686 tiden
2124 4641 2210 4686 999-

376 4727 452 4810 beyt
438 4725 549 4790 thefft
535 4733 722 4810 t.gewesen
1965 4755 1970 4768 ·
2060 4724 2122 4788 Hn.

375 4899 452 4968 nei
482 4899 588 4981 gratia
620 4919 679 4964 nos
708 4897 821 4964 Albert
808 4905 861 4962 tus
891 4897 956 4962 dux
991 4895 1031 4961 de
1060 4896 1265 4962 Bruneswich
1317 4895 1460 4960 indebite
1478 4896 1724 4962 illatisafratre
1744 4903 1856 4962 nostro
1869 4897 2103 4963 duceHeurico
2121 4895 2210 4978 prin-

374 5010 581 5094 presentibus
590 5015 817 5092 protestamur,
836 5009 923 5093 quod
934 4999 1073 5080 fideliter
1080 5009 1265 5091 juvabimus
1318 5009 1388 5089 cipe
1406 5008 1532 5086 inclito,
1559 5029 1618 5073 neo
1638 5029 1751 5074 sonam
1771 5010 1869 5074 ullam
1892 5009 2042 5075 inibimus
2059 5007 2138 5092 ipsis
2156 5008 2209 5070 99-

299 5103 303 5112 ’
375 5123 510 5187 dilectos
534 5130 663 5185 nostros
695 5123 870 5205 burgenses
896 5122 928 5190 in
952 5120 1159 5186 Brunesvvieb
1186 5120 1264 5183 totis
1317 5119 1422 5183 clusis.
1469 5119 1698 5187 Ordinabimus
1722 5123 1820 5186 etiam
1838 5123 1884 5186 eis
1908 5139 2022 5187 sonam
2039 5140 2102 5203 que
2124 5119 2234 5200 ipsisa
2332 5148 2335 5156 ·

331 5283 334 5294 .
374 5234 495 5298 viribus
518 5233 639 5329 nostris
666 5253 763 5315 super
787 5234 911 5316 injuriis
936 5239 969 5298 et
994 5233 1156 5298 violentiis
1184 5231 1280 5314 ipsis'
1315 5230 1489 5313 placuerit,
1517 5231 1568 5296 vel
1593 5253 1691 5316 quam
1714 5239 1782 5299 tre's
1806 5257 1846 5300 ex
1863 5235 1983 5299 nostris
2007 5229 2207 5308 consiliariis,

373 5588 402 5654 1)
420 5588 469 5653 sar
486 5587 626 5642 consuetis
644 5585 809 5640 necessariis.
875 5582 908 5648 2)
926 5583 975 5648 sttr
991 5585 1129 5637 mouerint.
1200 5581 1230 5648 3)
1248 5582 1297 5650 sitr
1313 5583 1394 5638 solus.
1464 5581 1495 5648 4)
1512 5583 1561 5649 fiir
1578 5549 1681 5642 hiis.¹
1755 5645 1760 5658 ,
