4822 6238
1057 423 1127 511 '29

187 674 225 740 de
241 674 336 746 nicht
353 695 393 740 en
411 681 515 740 weten
532 695 594 740 van
614 675 710 739 siner·
721 673 835 740 vtvard
852 673 939 738 noch
953 693 1016 738 van
1035 674 1075 738 si·
1111 677 1216 750 metet
1232 673 1274 738 he
1287 673 1345 738 dat
1359 673 1434 738 hete
1446 672 1603 757 gloyende
1617 673 1727 756 jseren
1738 696 1788 758 vp,
1807 674 1890 740 vnde
1902 675 2018 742 drecht

187 806 243 852 ner
257 785 386 871 juvasti,
405 785 498 851 citet
511 787 546 870 jv
564 793 599 851 tc
616 791 740 852 wotene
751 785 868 866 werde,
888 784 946 850 dat
964 785 996 869 gi
1013 805 1074 850 one
1128 783 1186 849 dat
1203 805 1286 866 vppe
1312 784 1370 851 det
1386 785 1465 864 mal,
1483 784 1542 850 dat
1564 785 1623 850 dar
1641 791 1676 850 to
1695 785 1856 850 besceden
1873 788 1911 858 is.
1944 781 2018 853 Scal

187 899 282 990 deme·
303 897 385 963 rade
409 877 548 962 'melden
576 897 721 976 poldon,
744 896 803 963 dat
831 896 885 982 gil
912 896 977 981 god
1005 898 1074 962 also
1126 915 1201 962 men
1218 895 1346 960 ordeles
1369 915 1489 979 pragen
1512 917 1615 980 vmme
1642 896 1700 966 dat
1724 897 1804 978 mal,
1824 914 1871 962 wo
1896 897 1973 982 lang
1990 901 2017 964 it

98 1057 102 1066 -
187 1009 289 1094 helpe,
309 1010 394 1075 vnde
411 1008 453 1074 de
471 1009 609 1093 hilgeu¹.
651 1020 655 1030 ’
785 1023 787 1028 ·
1069 1057 1072 1068 .
1127 1007 1354 1087 wesensciille,
1373 1007 1431 1072 dat
1450 1007 1540 1074 crdel
1560 1005 1681 1074 scullen
1701 1008 1839 1091 spreksn
1857 1009 2015 1090 debodel,

143 1121 321 1192 lefleldet
344 1121 385 1186 he
404 1138 483 1188 cuer
501 1121 564 1186 den
582 1119 651 1200 des,
669 1140 712 1186 so·
730 1120 821 1186 ledet
840 1125 901 1185 ene
920 1121 959 1186 de
978 1120 1075 1210 bodel
1128 1118 1193 1184 otte
1218 1117 1259 1183 de
1291 1120 1555 1202 scarperichtere.
1592 1119 1633 1184 Se
1657 1120 1778 1184 scullen
1804 1141 1939 1204 seggeu:
1962 1143 2016 1188 ne
2038 1135 2041 1142 ’

188 1240 220 1298 tc
237 1233 342 1312 hand,
360 1233 443 1298 vnde
463 1232 583 1316 spn'kt:
608 1232 658 1314 N,
676 1231 808 1298 ellade
826 1232 881 1315 gil
897 1233 930 1296 in
948 1231 1007 1298 dat
1023 1254 1074 1298 ve·
1128 1251 1189 1314 gen
1212 1235 1297 1296 vote.
1325 1231 1374 1295 De
1399 1229 1514 1297 bodele
1538 1223 1628 1294 vnde
1644 1231 1785 1314 hengere
1809 1232 1931 1298 scullen
1958 1233 2016 1300 des

186 1345 331 1428 meding,
349 1345 376 1409 it
394 1346 421 1410 si
437 1365 513 1410 man
531 1343 579 1408 oft
595 1364 715 1423 vrcwe,
734 1364 838 1410 umine
856 1343 991 1410 alsodau
1010 1342 1075 1428 gud
1128 1363 1224 1408 uires
1243 1341 1328 1407 unde
1353 1341 1410 1407 des
1430 1342 1559 1425 jsernes
1583 1342 1699 1426 plegen
1717 1349 1752 1407 to
1772 1343 1830 1408 der
1848 1343 2017 1410 luchteren
2056 1331 2058 1340 ’

184 1431 251 1522 ὀΙοο
270 1458 303 1541 gi
320 1456 486 1522 vorstolen
503 1457 633 1537 hebbet,
652 1476 835 1534 enewarue,
854 1455 1075 1538 anderwarue,
1127 1452 1215 1518 hand
1234 1454 1291 1518 des
1308 1453 1466 1519 richteree
1483 1475 1524 1536 vp
1543 1474 1655 1519 eneme
1673 1454 1882 1520 trendelleke.

187 1568 409 1633 driddewaiuc
426 1568 460 1633 bi
478 1568 569 1634 deme
587 1569 688 1634 halse.
860 1622 865 1632 .
1125 1566 1238 1648 Vppe
1256 1565 1296 1628 de
1320 1585 1451 1656 promen
1474 1551 1556 1630 lude¹
1568 1565 1608 1630 de
1626 1585 1703 1632 vore
1726 1566 1837 1632 komet
1859 1567 1961 1642 scrift
1973 1567 2014 1632 de
2028 1582 2065 1634 19

143 1681 327 1764 ieflumpt
352 1680 392 1746 dc
415 1679 473 1745 des
486 1701 580 1761 vore,
606 1700 642 1746 so
665 1679 852 1763 entledeget
873 1678 914 1743 he
941 1678 991 1744 sik
1015 1679 1075 1744 mit
1127 1680 1269 1742 scriuere
1286 1678 1320 1742 in
1339 1679 1408 1742 sine
1427 1676 1541 1742 taflen:
1561 1679 1751 1761 comparuit.

187 1795 270 1858 sines
298 1791 408 1856 sulues
433 1790 520 1857 hand
543 1791 661 1871 allene,
681 1813 718 1858 so
745 1790 835 1856 scrilt
859 1811 933 1856 men
957 1792 990 1856 in
1017 1791 1075 1864 dat
1126 1789 1213 1858 We
1231 1789 1322 1854 nicht
1337 1787 1556 1872 sore·kumpt,¹
1575 1789 1622 1854 oft
1640 1790 1681 1853 he
1698 1788 1811 1874 krang,
1830 1788 1908 1855 eder
1925 1791 2067 1858 nichtnt
2109 1797 2113 1810 ’

185 1903 263 1969 bon:
279 1903 360 1978 ¹talis
377 1904 544 1969 incusatus
562 1924 622 1986 pro
640 1903 728 1969 furto
743 1904 866 1987 juravit
884 1903 981 1969 solus.
1008 1948 1014 1962 .
1125 1905 1161 1966 to
1179 1901 1240 1966 hus
1259 1921 1409 1978 enuere,
1420 1899 1510 1996 (vnde
1529 1906 1593 1965 wat
1612 1907 1690 1966 o'uer
1708 1900 1794 1978 blist,
1812 1901 1879 1968 oste
1897 1900 1937 1967 de
1955 1902 2016 1968 rad

143 2031 174 2080 17
185 1999 307 2085 Wart
324 2015 364 2104 lie
388 1991 595 2080 auderwaru’e
613 2009 779 2098 bedragen
801 2035 905 2080 vmme
923 2014 1014 2095 duve,
1033 2013 1074 2080 de
1126 2017 1243 2095 vpstau
1260 2011 1376 2092 wolde,
1387 2012 1453 2078 dat
1471 2011 1538 2076 scal
1561 2011 1602 2077 de
1620 2014 1762 2078 scriuere
1776 2013 1814 2096 jn
1832 2003 2014 2080 sunderlilte

184 2133 253 2193 mot
270 2147 395 2192 sweren
412 2125 479 2192 sulf
493 2124 629 2212 seuede;
648 2147 684 2190 so
703 2125 795 2192 scr-iit
811 2145 885 2192 men
900 2147 971 2204 cne,
989 2126 1074 2192 vnde
1127 2124 1259 2190 cedelen
1278 2126 1420 2203 scriuen,
1438 2123 1521 2189 vnde
1540 2122 1663 2207 dragcn
1680 2125 1713 2189 in
1731 2124 1845 2191 iowsllr
1862 2124 2016 2192 wicbelde

184 2239 244 2304 alle
263 2239 335 2312 sine
352 2238 513 2321 lumpane
531 2238 565 2303 bi
585 2257 646 2304 one
664 2238 697 2303 bi
714 2258 846 2318 namen,
865 2237 948 2308 vnde
967 2237 1072 2302 scrilt:
1126 2257 1193 2302 wor
1208 2236 1235 2301 it
1253 2235 1304 2302 sik
1319 2237 1431 2315 beret,
1450 2235 1507 2302 dat
1528 2236 1605 2301 itio
1631 2237 1813 2320 gherichtet
1836 2237 1941 2302 werde
1959 2256 2016 2302 vor
2066 2227 2073 2238 “

180 2351 303 2434 juravit
320 2351 391 2434 ipse
410 2350 577 2433 septimus.
819 2375 825 2386 ·
1126 2346 1220 2414 deme
1237 2346 1327 2413 rade.

141 2450 307 2532 18Wnrt
334 2463 374 2528 hc
407 2457 631 2527 'driddewarue
660 2459 841 2544 bedragen,
865 2481 901 2526 so
933 2466 1002 2526 mot
1033 2462 1074 2538 he
1126 2458 1192 2530 ok
1209 2480 1257 2524 wo
1280 2480 1354 2524 men
1379 2459 1420 2524 de
1439 2459 1521 2524 dene
1547 2459 1675 2526 seriueu
1694 2460 1760 2525 scal
1778 2459 1812 2524 in
1830 2459 1903 2524 dem
1921 2459 2014 2542 beke,
2028 2475 2067 2526 21

184 2573 301 2640 tredan
325 2581 360 2638 to
387 2574 480 2638 deme
502 2574 601 2639 heten
626 2573 746 2658 jserne.
781 2571 823 2638 So
845 2579 915 2638 mot
938 2572 979 2637 he
1005 2573 1074 2638 sine
1098 2627 1100 2634 Α
1126 2570 1184 2635 dat
1201 2571 1312 2636 vindet
1330 2591 1402 2636 men
1421 2570 1556 2637 deumne
1573 2570 2016 2654 redhelekenvtghedrucket

184 2685 292 2754 hande
314 2692 382 2752 eret
399 2685 548 2752 waschsn
572 2665 631 2750 mit
650 2684 780 2750 keldem
798 2683 936 2774 'watere,
955 2683 1014 2750 dar
1031 2705 1074 2750 na
1125 2683 1159 2746 in
1177 2671 1351 2766 maunig'en
1369 2681 1516 2762 stetten,
1536 2703 1582 2747 we
1600 2683 1628 2747 it
1646 2681 1745 2748 solen
1765 2683 1824 2748 wil.

541 3105 640 3172 XXII.
686 3102 1010 3170 ANERKENNUNG
1032 3055 1343 3172 DER'FREfflEIT
1366 3102 1454 3167 Dan
1476 3077 1659 3168 BURGER„

969 3227 1051 3288 1314
1078 3223 1166 3290 Miirz
1188 3227 1237 3287 17.
1255 3235 1259 3244 '

311 3397 385 3464 Das
405 3399 549 3483 Oripiaal
565 3400 665 3464 dieser
689 3397 889 3464 Urlcmdeist
905 3397 1002 3461 weder
1024 3397 1070 3460 im
1089 3394 1301 3460 Stcdturclrive
1315 3395 1391 3461 corle
1414 3396 1459 3459 im
1477 3395 1725 3460 Lundesarclu've
1741 3416 1781 3459 eu
1808 3394 2017 3476 Wctfeabtr'ttel

182 3500 365 3566 vermem.
402 3499 456 3566 se
473 3503 515 3567 tst
531 3501 638 3567 beretts
651 3501 809 3590 pertractet:
834 3499 998 3566 martores
1015 3500 1200 3580 exceptiones
1216 3499 1272 3562 der
1291 3497 1381 3562 stae
1396 3497 1640 3581 Braunsctwetp
1656 3503 1761 3563 watra
1779 3497 1901 3581 Hereop
1918 3496 2016 3562 Hein-

183 3603 251 3670 rtet
266 3603 385 3670 lullae.
409 3603 524 3686 &aar
542 3609 641 3672 1602.
660 3626 694 3688 p.
711 3607 800 3684 241,·
824 3603 971 3668 Abdsmclt
993 3602 1048 3667 der
1065 3600 1162 3667 Acten
1186 3603 1221 3666 tn
1240 3601 1359 3666 sacen
1375 3599 1620 3683 Brcunsctweip
1637 3605 1740 3666 centra
1754 3599 2014 3686 'Brcunsctrpetp

186 3711 284 3771 1603.
306 3707 358 3790 fol.
377 3729 412 3789 p.
431 3711 515 3788 489;
540 3708 670 3798 Hcmpel
685 3727 786 3790 merop.
807 3706 1025 3772 &eamdem
1044 3705 1108 3785 IV,
1129 3709 1211 3785 835;
1231 3705 1377 3770 anuet
1391 3705 1449 3786 jus
1460 3703 1545 3786 publ.
1565 3701 1637 3782 III,
1656 3703 1707 3768 uu
1727 3708 1757 3784 7,
1775 3724 1798 3768 ο.
1823 3709 1876 3784 10,
1895 3723 1942 3768 nr.
1962 3707 2015 3767 11.

184 3809 253 3874 Ber
268 3806 485 3876 nactstetcaclc
500 3809 648 3876 amaru
668 3810 747 3876 nach
770 3811 855 3876 etrrer
873 3805 965 3891 Cepis
988 3810 1033 3873 tm
1052 3807 1264 3873 Stcdturcttee
1285 3809 1320 3872 tn
1340 3807 1395 3872 der
1411 3807 1460 3872 cle
1479 3805 1549 3890 Cep.
1571 3804 1655 3886 XII
1674 3805 1877 3871 ὂοεοίοῖνιοίοο
1895 3805 2016 3872 θοοοοο-

184 3913 258 3997 turp
272 3933 331 3978 von
360 3909 708 3996 Urtemdenubsctre'ften
727 3913 815 4002 „Ine
839 3912 979 3978 Saeterm
999 3911 1245 3996 Brtumctwetp
1262 3916 1365 3976 ccntm
1380 3907 1626 3992 Breunscltwetp
1636 3909 1727 3992 prud.
1747 3908 1860 4004 Spirae
1879 3909 2014 3992 19Apr.

185 4037 230 4081 οο.
250 4019 369 4082 1602.“
508 4027 509 4032 ’
608 4059 613 4066 -
765 4023 768 4028 “
1277 4037 1280 4048 “
1774 4037 1775 4040 ’

271 4123 279 4144 ¹
293 4157 299 4170 ·
313 4117 366 4184 Im
382 4119 505 4185 dllesteu
521 4119 797 4204 Depedicpstuelre·
810 4119 864 4184 der
881 4118 1020 4184 Auseae
1037 4123 1091 4182 70¹
1108 4116 1204 4198 βοᾶοί
1224 4113 1292 4181 stet
1307 4115 1444 4200 folpende
1460 4116 1523 4198 auf
1534 4116 1617 4182 dtesc
1635 4113 1827 4199 Fteipebtmp
1845 4113 2015 4199 berripltcte

187 4222 296 4289 Nae:
314 4223 375 4287 Isti
390 4216 590 4305 infrascripti
607 4229 641 4286 et
659 4241 769 4288 omnes
788 4242 900 4287 eorum
917 4207 1100 4305 posteri'eb
1117 4220 1197 4303 ipsis
1214 4221 1247 4284 in
1264 4225 1457 4301 perpetuum
1473 4215 1711 4284 descendentes
1726 4217 1919 4282 nominatim
1937 4221 2014 4281 sunt

187 4326 326 4408 exempti
344 4321 539 4396 et'libertati
564 4325 748 4409 specialiter
765 4346 785 4390 a
803 4325 921 4391 domno
945 4324 1066 4389 Ottone
1091 4323 1173 4389 duce
1199 4321 1239 4388 de
1257 4321 1422 4386 Brunswic
1440 4326 1474 4386 et
1492 4307 1700 4399 Luneborch,
1725 4322 1758 4384 et
1780 4339 1840 4402 pro
1859 4339 1898 4384 eo
1918 4319 2013 4385 dede·

186 4434 261 4493 runt
278 4429 450 4512 pecuniam
470 4449 562 4494 suam
587 4427 773 4494 consulibus
797 4429 831 4501 in
850 4428 1026 4506 Brunswic,
1046 4427 1101 4510 qui
1118 4425 1180 4490 hoc
1197 4429 1454 4508 procuraverunt
1471 4465 1513 4476 —
1529 4427 1629 4510 folpen
1648 4425 1698 4489 die
1717 4423 1840 4495 Nemea
1856 4444 1914 4513 ven
1928 4423 2015 4507 [ονο-

186 4533 259 4596 adun
276 4531 433 4598 munem
449 4534 514 4597 used
531 4531 668 4600 Flacca.
679 4530 814 4596 ss-Item
833 4535 867 4596 et
884 4549 995 4596 omnes
1013 4531 1098 4595 cives
1115 4531 1148 4594 in
1166 4529 1330 4595 Brunswic
1348 4529 1416 4594 ta'm
1433 4529 1594 4595 masculos
1613 4537 1709 4611 quam
1727 4524 1862 4590 feminas
1884 4527 1939 4609 qui
1955 4547 2015 4609 per

187 4654 304 4700 annum
327 4638 362 4700 et
380 4633 465 4698 diem
487 4635 520 4699 in
538 4635 704 4710 Brunswic
723 4635 843 4700 morati
860 4639 938 4698 tunc
959 4632 1105 4714 luerunt,
1135 4641 1168 4698 et
1191 4651 1303 4698 omnes
1322 4652 1433 4697 eorum
1450 4652 1571 4716 pueros
1588 4633 1755 4716 presentes
1774 4633 1807 4692 et
1824 4629 1952 4694 futuros
1970 4628 2012 4698 ab

186 4737 261 4819 ipsis
278 4739 314 4802 in
331 4742 525 4822 perpetuum
543 4736 780 4822 descendentes
798 4737 945 4826 similiter
961 4737 1135 4817 libertavit,
1153 4741 1252 4820 prout
1268 4737 1302 4800 iu
1318 4735 1414 4801 litere
1434 4756 1530 4819 super
1551 4734 1612 4802 hoc
1631 4730 1709 4796 data
1727 4734 1761 4796 et
1780 4731 1928 4822 conlecta
1944 4730 2013 4816 ple·

187 4839 255 4906 iiius
273 4841 469 4934 continetur.
496 4836 613 4906 Actum
636 4861 722 4906 cuno
740 4839 804 4904 dm.
822 4853 880 4905 m0.
900 4853 977 4906 ccc0.
997 4861 1074 4906 mur.
1204 4929 1206 4936 y
1307 4927 1310 4940 .
1585 4923 1589 4936 ³
1864 4835 1927 4900 Hn.
2129 4843 2133 4850 '

185 5027 232 5096 ln
254 5029 307 5095 dei
330 5030 463 5095 nomine
476 5030 589 5116 Amen.
624 5028 692 5095 Nos
709 5028 762 5094 dei
780 5031 891 5112 gracia
909 5027 986 5094 Otto
1006 5026 1072 5092 dux
1123 5025 1180 5092 filii
1202 5028 1311 5093 nostri
1326 5033 1360 5093 et
1383 5027 1525 5094 omnium
1549 5025 1704 5122 leredum
1729 5032 1916 5092 nostrorum
1933 5043 2013 5108 quo·

185 5137 817 5225 deBrmeswiehetLuneborgnotum
836 5139 1072 5205 essevolumus
1124 5161 1196 5204 rum
1218 5140 1390 5218 intererat,
1413 5138 1456 5204 ad
1478 5139 1671 5205 instanciam
1695 5140 1906 5206 honestorum
1929 5136 2013 5202 viro·

186 5235 341 5318 universis
358 5254 650 5336 presentiarisuris
665 5271 726 5318 seu
744 5251 914 5333 audituris,
933 5249 1073 5335 quodde
1124 5271 1197 5315 rum
1223 5250 1391 5316 consulum
1417 5250 1555 5316 civitatis
1578 5249 1785 5317 Bruneswich
1811 5255 1846 5315 et
1863 5248 1905 5314 ob
1921 5247 2012 5313 lavo·
2130 5275 2135 5285 ·

185 5369 312 5430 maturo
348 5365 481 5430 consilio
509 5368 543 5430 et
571 5385 724 5448 expresso
754 5385 914 5434 consensu
943 5363 1072 5432 Ottonia
1126 5383 1195 5427 rem
1232 5361 1377 5445 ipsorum
1412 5362 1600 5445 specialem,
1632 5363 1889 5439 meminimus,
1919 5358 2013 5424 liber·
2105 5399 2110 5414 ·

192 5523 378 5532 -Ἢ-ψ-..ι-

189 5565 571 5678 neemiam.
