4792 6242
1273 423 1349 498 242

395 661 575 734 licitudinis
603 659 711 727 studio
733 660 956 750 intendamus,
975 667 1008 727 et
1030 667 1067 726 ut
1092 663 1159 731 suis
1182 662 1287 730 solitis
1337 681 1399 746 que
1413 661 1453 728 de
1465 666 1573 730 cetero
1582 661 1690 746 quoad
1703 661 1810 728 omnia
1822 662 2125 740 servitia,caritatire
2134 667 2199 732 sub·

378 772 561 857 ,gaudeant
579 772 797 853 libertatibus,
812 775 946 858 ipseque
960 771 1083 841 illibate
1096 777 1295 860 persistant,
1338 770 1421 846 sidia
1439 780 1474 840 et
1490 783 1625 840 munera
1642 795 1681 840 ac
1699 775 1764 840 alia
1781 775 1939 858 premissa
1950 793 2007 856 pro
2017 777 2162 858 exemptis
2172 784 2201 844 et

394 886 534 953 libenter
551 886 607 965 eis,
626 905 698 950 oum
716 906 737 950 a
755 887 850 954 nobis
867 887 1000 969 petitur,
1019 888 1189 972 apostolici
1206 888 1285 972 adji·
1335 886 1456 952 liberis.
1465 892 1565 970 prout
1581 885 1738 952 hactenus
1754 887 1863 951 extitit
1876 886 2084 965 observatum,
2094 886 2203 968 baberi,

394 998 496 1062 cimus
510 996 693 1086 muniminis
711 995 908 1088 firmitatem.
945 997 1029 1064 Sane
1046 1019 1106 1083 pro
1124 1008 1218 1083 parte
1237 1001 1284 1064 di·
1336 985 1474 1064 tractarl
1492 1005 1525 1064 et
1542 1000 1688 1082 reputari
1708 999 1836 1077 debere,
1854 1018 1979 1064 necnon
1992 998 2111 1063 irritum
2122 1000 2202 1064 etin·

393 1109 552 1174 lectorum
569 1107 707 1172 filiorum
726 1107 856 1174 abbatis
876 1115 909 1174 et
926 1117 1104 1176 conventus
1123 1121 1285 1178 monaste·
1310 1130 1314 1137 ’
1338 1131 1410 1188 ane,
1429 1112 1568 1176 si·secus
1587 1131 1685 1194 super
1702 1110 1764 1176 hiis
1777 1131 1798 1175 a
1811 1127 1975 1194 quoquam
1986 1089 2205 1192 quavic'ancto

393 1221 433 1285 rii
452 1220 556 1285 sancti
573 1219 689 1302 Egidii,
708 1220 830 1285 ordinis
849 1223 954 1287 sancti
971 1222 1147 1303 Benedicti,
1162 1246 1200 1289 ac
1213 1246 1284 1308 pre·
1337 1223 1435 1288 ritate
1455 1223 1595 1292 scienter
1611 1223 1662 1287 vel
1684 1223 1873 1305 ignoranter
1886 1221 2065 1304 tcontigerit
2080 1226 2206 1306 attemp-

391 1333 584 1414 positorum,
603 1330 813 1412 decanorum,
831 1334 1093 1419 singulorumque
1112 1317 1283 1403 canonico·
1337 1335 1410 1413 tari,
1431 1333 1544 1400 eadem
1563 1335 1759 1399 auctoritate
1779 1332 1990 1398 decernimus.
2029 1333 2071 1398 Et
2088 1332 2207 1418 nichilo·

393 1465 466 1508 rum
493 1444 598 1508 sancti
622 1443 725 1538 Blasii¹
744 1444 832 1509 intra
862 1449 896 1510 ct
922 1448 1027 1512 sancti
1051 1447 1167 1518 Giriaoi
1191 1453 1284 1515 extra
1335 1446 1441 1510 minus
1460 1445 1588 1511 dilectis
1605 1445 1679 1540 filiis
1696 1444 1809 1511 abbati
1826 1445 2014 1510 monasterii
2030 1446 2129 1510 sancti
2143 1443 2207 1508 Bla-

393 1556 651 1658 collegiutarum,
669 1577 795 1622 necnon
808 1564 971 1623 rectorum
984 1560 1090 1624 sancti
1101 1559 1235 1626 Martini
1251 1566 1285 1628 et
1336 1559 1374 1623 sii
1385 1559 1418 1623 in
1430 1557 1596 1636 Northem,
1609 1562 1643 1622 et
1654 1556 1750 1623 beate
1761 1555 2208 1642 MarievirginisErffordensis

392 1669 497 1733 sancti
509 1667 646 1747 Andreo,
659 1688 697 1733 ac
709 1672 821 1733 sancte
833 1668 1005 1735 catherine
1018 1673 1187 1757 sanctique
1196 1674 1283 1758 Mag·
1335 1690 1374 1736 ec
1393 1668 1537 1753 ejusdem
1560 1669 1658 1736 beate
1676 1668 1778 1734 Maris
1801 1667 2055 1752 Hambnrgensis
2073 1667 2210 1733 ecclesia·

392 1780 426 1844 ni
445 1783 479 1844 et
497 1780 602 1858 sancti
619 1777 772 1860 Udalriei,
790 1802 829 1847 ac
846 1779 950 1848 sancti
961 1782 1055 1849 Petri
1064 1791 1098 1850 et
1109 1787 1213 1854 sancti
1226 1787 1283 1850 Mi·
1335 1803 1406 1847 rum
1425 1779 1571 1862 decanis,
1590 1781 1848 1864 Meguntinensis
1866 1786 1900 1845 et
1916 1779 2097 1845 Bremensis
2114 1778 2210 1846 dioce-

392 1890 513 1956 chaelis
527 1891 778 1974 parrochialium
790 1893 877 1959 intra
890 1899 924 1959 et
939 1897 1151 1962 extramuros
1164 1897 1282 1962 Bruns-
1335 1895 1426 1973 sium,
1443 1915 1503 1977 per
1520 1892 1701 1982 apostolica
1719 1893 1842 1976 scripta
1858 1892 2059 1970 mandamus,
2070 1891 2212 1974 quatinus

390 2003 555 2084 wicenses,
567 2003 853 2070 Halberstadensis
865 2011 899 2070 et
910 2006 1163 2073 Hildcsemensis
1176 2009 1282 2075 dioco·
1333 2007 1395 2089 ipsi
1413 2006 1464 2071 vel
1482 2005 1546 2070 duo
1566 2009 1625 2070 aut
1643 2026 1726 2069 unus
1745 2021 1857 2070 eorum
1870 2025 1930 2088 per
1944 2024 1979 2069 se
1992 2004 2042 2067 vel
2055 2002 2148 2068 alium
2160 2022 2212 2066 seu

390 2115 472 2180 sium
486 2115 704 2195 ecclesiarum,
722 2122 1018 2202 perpetuorumque
1032 2121 1282 2203 capellanorum,
1334 2118 1415 2184 alios
1433 2101 1503 2198 ubi,
1523 2116 1653 2201 quando
1672 2120 1705 2181 et
1728 2117 1878 2200 quotiens
1896 2114 2050 2198 expedire
2068 2113 2213 2192 noverint,

389 2227 593 2306 vicariorum,
611 2249 650 2292 ac
668 2213 933 2295 beneficiatorum
950 2232 984 2296 in
1002 2232 1124 2298 eisdem
1137 2233 1281 2300 eeclesiis
1333 2229 1518 2313 fuerintque
1537 2228 1677 2313 desuper
1694 2250 1755 2311 pro
1773 2235 1868 2312 parte
1884 2227 2025 2306 abbatis,
2040 2230 2214 2311 conqentus,

389 2343 423 2402 et
448 2339 482 2403 in
504 2338 566 2403 illis
591 2339 726 2404 sitorum
751 2340 904 2408 altarium
926 2348 1105 2426 rectorum,
1123 2347 1282 2430 prepositi
1332 2342 1582 2425 prepositorum,
1602 2340 1809 2420 decanorum,
1828 2341 2072 2418 canonicorum,
2091 2337 2213 2404 vicano·

392 2467 524 2534 quoque
547 2472 585 2516 ac
616 2450 808 2518 dilectarum
829 2455 864 2518 in'
887 2453 1017 2521 Christo
1041 2456 1180 2525 filiarum
1205 2478 1280 2522 con·
1331 2475 1412 2534 rum,
1426 2452 1692 2518 beneficiatorum
1703 2474 1742 2519 ac
1752 2459 1915 2518 rectorum
1925 2449 2155 2534 predictorum,
2166 2453 2217 2514 aut

387 2566 505 2626 ventus
529 2560 719 2657 monasterii
743 2572 856 2631 sancte
874 2565 987 2632 Crucis
1012 2568 1110 2634 etiam
1135 2575 1229 2634 extra
1247 2576 1281 2634 et
1332 2563 1468 2650 alicujus
1487 2585 1598 2630 eorum
1616 2565 1757 2662 legitime
1774 2564 1931 2648 requisiti,
1951 2547 2150 2629 sollemniter
2166 2581 2215 2642 pu-

384 2692 487 2757 prope
502 2696 616 2741 muros
633 2676 799 2758 predictos
816 2698 876 2762 per
896 2679 1098 2762 prepositum
1116 2660 1203 2746 soliti
1221 2703 1279 2764 gu·
1332 2676 1489 2743 blicantes
1507 2698 1572 2743 non
1590 2678 1791 2761 permittant,
1805 2697 1862 2744 eos
1873 2675 1917 2741 ad
1928 2675 2136 2741 subeundum
2151 2693 2217 2737 one·

385 2782 533 2867 berneri,
552 2786 776 2853 Cisterciensis
794 2789 932 2870 ordinis,
949 2791 1045 2858 nobis
1067 2813 1172 2876 nuper
1190 2792 1280 2858 exhi·
1331 2809 1370 2856 ra
1393 2795 1427 2855 et
1452 2810 1585 2856 munera
1612 2789 1762 2872 predicta
1786 2787 2042 2871 solvendamque
2075 2785 2219 2850 collectas

386 2896 456 2964 bita
474 2898 593 2979 peticio
616 2899 815 2981 continebat,
834 2902 921 2985 qnod
937 2902 1000 2986 ipsi
1018 2924 1039 2969 a
1056 2903 1205 2970 ducentis
1223 2925 1280 2970 an·
1332 2906 1366 2967 st
1384 2902 1556 2967 caritativa
1579 2901 1727 2969 subsidia
1744 2901 1862 2966 invitos
1882 2899 2052 2982 compelli,
2070 2904 2128 2963 eut
2144 2895 2218 2962 alies

385 3009 437 3074 nis
456 3014 490 3074 et
507 3009 596 3078 ultra
613 3031 635 3078 a
651 3015 797 3095 tempore
816 3014 907 3098 cujus
931 3004 1015 3080 initii
1031 2991 1198 3083 hominum
1214 3037 1281 3082 mo·
1332 3019 1447 3079 contra
1465 3014 1693 3097 exemptionis,
1710 3012 1876 3094 libertatis
1895 3016 1929 3078 et
1954 3008 2170 3078 immunitatis
2187 3026 2221 3074 ec

389 3121 494 3186 moria
511 3141 577 3187 non
595 3122 745 3204 habetur,
763 3123 896 3190 fuerunt
913 3131 947 3191 et
965 3131 1041 3192 sunt
1057 3127 1169 3207 habiti,
1187 3130 1280 3210 tenti,
1333 3123 1588 3191 confirmacionis
1599 3131 1712 3191 nostre
1725 3123 1948 3209 predictarum
1962 3129 2114 3189 tenorem
2126 3121 2165 3187 ab
2176 3139 2219 3182 or·

387 3234 526 3299 tractati
550 3238 584 3299 et
605 3238 752 3318 reputati
776 3258 836 3321 pro
864 3242 1022 3322 exemptis
1048 3261 1086 3307 ae
1110 3241 1219 3308 liberis
1238 3237 1280 3307 'ab
1332 3237 1465 3303 dinariis
1486 3237 1631 3303 locorum
1644 3236 1696 3306 rel
1713 3236 1878 3320 quibusvis
1894 3233 1969 3300 aliis
1984 3232 2222 3319 quomodolibet

390 3345 478 3410 omni
497 3345 738 3428 jurisdictione,
757 3348 898 3415 dominio
923 3357 957 3416 et
981 3353 1211 3436 superioritate
1230 3374 1279 3418 or·
1330 3349 1474 3417 indebite
1489 3350 1666 3429 molestari,
1679 3347 1939 3415 contradictores
1953 3346 2156 3414 auctoritate
2170 3361 2223 3407 no·

388 3455 588 3547 dinariorum
605 3458 685 3526 dicti
708 3460 772 3526 loci
797 3465 836 3527 et'
856 3461 897 3529 ab
923 3465 1010 3530 omni
1033 3484 1130 3530 onere
1148 3466 1279 3547 servitii,
1331 3468 1402 3528 stra
1412 3461 1630 3545 appellatione
1640 3460 1826 3545 postposita
1839 3458 2093 3548 compescendo,
2103 3451 2225 3523 nonob

368 3589 428 3652 ¹ac
454 3571 617 3636 caritativi
642 3571 792 3656 subsidii,
818 3575 1029 3645 cosseoterum
1053 3582 1087 3644 et
1111 3599 1280 3644 munerum
1332 3575 1494 3642 stantibus
1512 3570 1799 3663 constitutionibus
1817 3578 1851 3638 st
1868 3569 2141 3638 ordinacionibus
2157 3584 2226 3652 apo

388 3679 625 3748 ordinariorum
639 3686 850 3767 prestatione,
869 3708 908 3754 ac
920 3687 953 3753 in
965 3689 1059 3773 quasi
1071 3691 1278 3774 possessione
1331 3686 1454 3752 stolicis
1467 3685 1639 3753 contrariis
1658 3683 1913 3769 quibuscunque,
1932 3703 1996 3750 seu
2012 3684 2041 3748 si
2060 3677 2227 3748 ordinariis

388 3793 525 3876 pacifica
543 3797 758 3880 exemptionis
776 3805 810 3864 et
827 3799 988 3866 libertatis
1005 3821 1045 3867 ac
1066 3795 1279 3870 immunitatis
1330 3797 1466 3881 pretatis
1483 3797 1534 3865 vel
1558 3796 1724 3882 quibusvis
1749 3796 1819 3862 aliis
1844 3795 2066 3880 communiter
2084 3793 2137 3862 val
2154 3788 2228 3856 diri·

386 3903 573 3990 hujusmodi
587 3912 655 3974 tam
666 3929 727 3992 pro
740 3931 775 3976 se
792 3911 872 3994 ipsis
890 3932 988 3997 quam
1005 3933 1064 3996 pro
1084 3934 1195 3980 eorum
1213 3935 1280 3981 mo·
1332 3909 1392 3976 sim
1410 3910 1452 3976 ab
1471 3909 1653 3994 apostolica
1670 3908 1713 3974 sit
1731 3907 1808 3974 sede
1825 3907 2008 3988 indultum,
2028 3903 2119 3992 quod
2136 3905 2228 3970 inter·

386 4020 547 4100 nestorio,
566 4020 720 4101 ecclesiis,
738 4021 960 4107 dignitatibus,
979 4025 1121 4108 capellis,
1140 4027 1279 4109 capella·
1332 4020 1404 4100 dici,
1423 4021 1587 4104 suspendi,
1601 4021 1651 4086 vel
1665 4020 1936 4086 excommunicari
1948 4041 2020 4086 non
2033 4017 2165 4102 possint
2176 4032 2230 4098 per

387 4129 464 4210 niis,
491 4132 634 4214 noenu,
660 4132 820 4203 altaribus
845 4141 879 4202 et
901 4137 972 4203 aliis
994 4121 1158 4204 beneficiis
1178 4139 1280 4205 eccls-
1332 4134 1460 4200 litteras
1486 4133 1683 4217 apostolicas
1706 4131 1948 4222 nonfacientes
1968 4132 2161 4215 plenumst
2182 4143 2231 4190 ex·

388 4243 528 4310 siasticis
547 4249 582 4310 et
599 4246 692 4312 bonis
711 4246 888 4313 eorundem
906 4238 1060 4316 existunt.
1096 4250 1203 4329 Quare
1219 4271 1280 4334 pro
1331 4266 1480 4331 pressam
1498 4267 1537 4311 ac
1562 4244 1603 4310 de
1627 4246 1726 4312 verbo
1745 4243 1941 4318 adverbum
1961 4241 2158 4314 deindulto
2176 4237 2231 4302 hu·

385 4361 479 4437 parte
492 4357 667 4423 eorundem
678 4357 818 4439 abbatis,
830 4367 1018 4441 conventus,
1029 4365 1280 4448 prepositorum,
1328 4357 1472 4443 jusmodi
1486 4359 1694 4428 mentionem.
1722 4355 1810 4424 Nulli
1823 4375 1900 4440 ergo
1913 4355 2055 4442 omnino
2071 4352 2235 4423 hominum

387 4465 602 4548 decanorum,
621 4473 868 4554 canonicorum,
885 4479 1060 4554 rectorum,
1078 4475 1280 4556 noeriorum,
1331 4472 1439 4552 liceat,
1454 4470 1816 4554 hancpaginamnostra
1829 4465 2106 4562 confirmationis,
2118 4479 2233 4548 appro-

388 4579 632 4662 capellanorum
650 4589 684 4649 et
702 4582 969 4652 beneficiatorum
986 4587 1080 4653 nobis
1098 4585 1160 4652 fuit
1176 4587 1281 4654 humi·
1332 4581 1744 4662 bationis,constitutionis
1763 4587 1797 4646 st
1814 4578 1964 4646 mandati
1976 4577 2174 4662 infiingera,
2188 4571 2235 4638 vel

386 4689 464 4755 liter
482 4695 708 4778 supplicatum,
727 4701 765 4762 ut
783 4699 993 4782 exemptioni,
1010 4697 1156 4770 libertati
1174 4703 1208 4764 et
1227 4720 1279 4766 ea·
1332 4697 1362 4763 ei
1379 4716 1462 4761 ausu
1480 4694 1653 4762 temerario
1671 4675 1844 4759 contraire.
1890 4689 2024 4776 Siquis
2042 4693 2162 4756 autem
2178 4685 2237 4752 hoo

385 4821 459 4868 rum
477 4806 571 4888 qu'asi
587 4810 787 4890 possessioni
802 4808 997 4895 hujusmodi,
1015 4812 1047 4876 in
1066 4834 1131 4897 qua
1149 4817 1226 4878 sunt
1240 4816 1280 4877 ut
1331 4813 1530 4897 attemptare
1547 4807 1793 4894 presumpserit,
1811 4803 2081 4888 indignationem
2096 4799 2238 4880 omnipo-

387 4903 565 5006 pretertur,
583 4939 643 5002 pro
663 4907 774 4988 sarum
792 4921 1008 4990 subsistencia
1024 4923 1159 4990 firmiori
1177 4925 1279 4991 robur
1330 4924 1430 4989 tentis
1450 4921 1503 4988 dei
1526 4944 1564 4988 ao
1587 4921 1758 4988 beatorum
1775 4917 1924 5004 Petriet
1944 4915 2050 4982 Pauli
2074 4910 2239 5004 apostolo

388 5031 501 5092 nostre
526 5030 780 5099 confirmationis
804 5035 959 5119 adjicere,
983 5037 1128 5121 aliasque
1151 5038 1185 5102 in
1209 5059 1280 5121 pre·
1333 5057 1406 5101 rum
1425 5035 1494 5120 ejus
1512 5055 1548 5100 se
1570 5035 1698 5100 noverit
1721 5033 1938 5098 incursurum.
1988 5027 2121 5112 Datum
2140 5025 2240 5090 Rome

385 5137 492 5204 missis
512 5145 671 5225 oportune
690 5137 860 5227 providere
879 5147 919 5214 de
932 5146 1133 5234 benignitate
1148 5156 1279 5244 aposto·
1332 5147 1420 5232 apud
1439 5153 1587 5214 sanctum
1606 5147 1748 5228 Petrum,
1769 5163 1854 5217 anno
1872 5141 2127 5208 incarnacionis
2142 5135 2241 5203 domi·
2368 5153 2369 5158 ¹

387 5249 451 5316 lica
468 5251 685 5346 dignaremur.
714 5257 782 5323 Nos
799 5260 899 5342 igitur
917 5259 1102 5344 hujusmodi
1119 5261 1279 5345 supplica·
1331 5262 1402 5326 nice
1412 5260 1581 5326 millesimo
1593 5256 1912 5342 quadringentesimo
1924 5252 2166 5338 octuagesimo
2181 5247 2243 5334 pri·

386 5363 530 5430 tionibus
547 5365 703 5447 inclinati,
716 5372 963 5454 exemptionem,
981 5374 1166 5442 libertatem
1182 5381 1216 5440 et
1225 5375 1282 5440 im
1335 5393 1398 5453 mo,
1416 5374 1516 5438 tertio
1529 5368 1611 5437 Non.
1625 5371 1645 5438 J
1647 5370 1783 5450 aunarii,
1797 5365 2017 5452 pontificatus
2030 5365 2144 5432 nostri
2158 5379 2244 5428 anno

385 5478 577 5543 munitatem
601 5479 767 5567 predictas
785 5484 980 5550 auctoritate
1003 5485 1185 5570 apostolica
1207 5507 1281 5572 pre·
1332 5486 1513 5552 undecimo.
1584 5489 1588 5498 '
2024 5547 2027 5555 .

382 5589 526 5684 sentium
543 5595 658 5658 tenore
674 5593 901 5662 confirmamus
920 5601 954 5662 et
967 5596 1196 5682 approbamus,
1208 5619 1280 5665 cos
1679 5683 1682 5688 ¹
1894 5591 1930 5655 Δ.
1948 5587 2204 5674 Ingheramiue·
