4792 6242
1058 433 1132 510 iee

177 681 304 736 denunt
326 695 377 751 pro
395 687 516 750 tempore
539 679 682 752 deputare,
701 681 846 737 nemetim
864 683 947 740 coium
970 679 1064 735 inii·
1117 669 1237 736 dictum
1256 668 1471 755 appellarunt.
1500 671 1633 755 Nosque
1656 671 1840 756 hujusmodi
1862 674 2006 756 appella-

175 791 287 847 beudo
305 793 464 848 sumente
481 792 605 862 predicta
613 793 712 848 eisdem
729 809 761 848 ao
779 761 918 848 ordiumis
934 791 1064 848 etmedi-
1117 781 1217 848 nonis
1236 787 1270 847 ot
1293 784 1417 866 negocii
1438 783 1626 867 principalis
1649 789 1684 848 ct
1706 785 1887 850 successive
1904 786 2006 852 eciam

176 904 295 959 dincons
322 919 466 972 eorumque
495 903 666 961 officialibus.
684 903 818 973 deputatis
852 905 985 976 notanus
1016 919 1065 958 sen
1116 893 1205 959 illam
1234 915 1331 977 quem
1354 895 1547 960 venerabilis
1579 895 1683 960 frater
1707 901 1821 962 noster
1847 896 2006 962 Ernestus

176 1017 258 1071 edam
282 1015 455 1086 deputandis,
479 1031 513 1070 ne
535 1016 587 1085 ipsi
609 1016 651 1071 vel
674 1017 769 1086 aliquis
794 1033 887 1072 eorum
910 1031 961 1086 per
977 1031 1006 1070 se
1022 1015 1065 1070 vel
1117 991 1289 1089 episcopus
1313 979 1599 1072 Helberstadentiis
1618 1013 1652 1072 et
1673 1001 1819 1090 predicti
1830 1007 2006 1091 capitulum

176 1128 256 1182 udum
279 1143 329 1184 seu
351 1128 419 1183 allos
443 1129 633 1198 proconsules,
658 1123 780 1184 coniules
803 1135 831 1184 et
858 1128 1066 1198 umvemitutem,
1118 1123 1152 1182 et
1169 1117 1279 1183 dilecti
1297 1116 1354 1182 filii
1371 1120 1555 1202 prepositus
1575 1124 1609 1184 et
1627 1119 1769 1184 decanus
1791 1119 1937 1202 predicte
1955 1139 2007 1186 ec-

175 1255 306 1310 pcrsonas
329 1245 356 1294 et
383 1239 484 1294 incolas
512 1239 660 1296 antedictos
683 1241 868 1295 'communiter'
885 1241 926 1295 vel
955 1239 1065 1308 divisim,
1119 1217 1214 1308 dleeie
1234 1227 1536 1309 Helberstadeneis‚
1555 1251 1594 1296 ac
1619 1231 1772 1296 Albertus
1791 1230 2008 1296 Schenke'ar·

178 1351 304 1422 quamdiu
325 1351 395 1406 iutra
412 1351 511 1406 dictum
533 1351 642 1421 cpidmn
659 1369 749 1408 coram
766 1352 865 1407 eisdem
888 1351 993 1406 simriis
1018 1365 1066 1405 seu
1119 1342 1335 1425 chidpaconus
1353 1343 1386 1406 in
1404 1343 1576 1407 Atlovesen
1593 1344 1626 1406 in
1645 1343 1913 1409 eadsmecclesia
1930 1341 2012 1408 Hal-

178 1459 333 1519 otiiciulitids
355 1463 453 1518 ibidem
477 1469 507 1518 ut
521 1461 666 1532 'prefertur
688 1462 847 1533 deputandis
869 1463 956 1533 parati
978 1462 1068 1517 rorent
1118 1452 1340 1535 beretadensi,
1360 1475 1432 1519 cum
1449 1455 1574 1538 relique
1598 1475 1676 1537 pers
1701 1453 1838 1538 predicti
1855 1455 1943 1538 opidi
1959 1457 2008 1520 in·

177 1575 286 1630 realiter
303 1581 376 1629 stare
390 1574 453 1644 juri,
471 1576 498 1628 in
513 1575 559 1643 jtrs
576 1591 672 1630 vocure
689 1590 737 1628 sen
753 1580 847 1629 contra
859 1590 905 1629 eos
922 1573 1067 1643 procedere
1120 1562 1170 1631 fra
1194 1567 1312 1630 limites
1338 1565 1629 1649 archidyaconatus
1653 1567 1687 1631 in
1705 1565 1877 1632 Atlevesen
1901 1567 1934 1632 in
1955 1587 2009 1634 ea·

177 1694 255 1742 extre
276 1685 346 1741 idem
372 1685 480 1756 opidum
497 1685 531 1742 ds
553 1693 642 1741 cetero
665 1687 826 1741 auctoritate
848 1685 984 1741 ordinaria
1007 1701 1067 1755 prc-
1120 1677 1194 1742 dem
1212 1677 1351 1744 ecelesia
1368 1676 1638 1743 Helberetedensi
1657 1679 1830 1758 consistat,
1854 1679 2010 1762 predictis

177 1799 249 1854 dieta
273 1805 467 1868 presumerent
495 1800 537 1854 Ac
558 1799 727 1854 voluimus
745 1797 882 1853 utendum
908 1800 1068 1863 auctoritate
1119 1787 1383 1874 proconsulibus,
1402 1789 1590 1855 consulibus
1608 1795 1641 1854 et
1659 1789 1862 1855 universitati
1881 1811 1919 1856 ac
1936 1811 2010 1874 per·

177 1909 574 1980 spostolicvdecrevimtts,
599 1909 671 1979 qudd
694 1911 882 1980 proconsules,
901 1910 1024 1964 consules
1041 1914 1069 1964 et
1121 1903 1208 1970 conis
1232 1901 1452 1984 predictarum
1475 1902 1660 1969 ultimarum
1683 1901 1851 1966 literarum
1868 1923 1927 1984 per
1947 1917 2008 1968 nos

177 2025 338 2078 universitas
361 2023 473 2093 predicti
496 2039 546 2092 pro
572 2023 807 2093 responsionis
830 2037 877 2076 seu
900 2021 1004 2075 doniis
1022 2026 1070 2074 sut
1122 2013 1243 2083 eisdem
1266 2003 1528 2097 proconsulibus,
1547 2013 1735 2078 consulibus
1753 2019 1788 2077 et
1809 2015 2012 2082 universitati

130 2099 136 2112 '
177 2133 285 2191 officiali
309 2151 358 2192 seu
376 2135 529 2212 officiuiitm
553 2135 709 2204 antedictis,
730 2135 776 2202 qui
803 2137 853 2202 per
871 2131 1019 2204 ordinarios
1042 2137 1070 2186 et
1122 2129 1156 2189 et
1173 2125 1321 2208 personis
1340 2131 1377 2189 ut
1399 2125 1599 2209 premittitur
1617 2101 1843 2190 concessurum
1859 2101 1923 2190 'seu
1942 2145 2015 2209 pre-

176 2248 382 2304 crcbidisoonos
400 2255 427 2302 et
444 2261 613 2301 successores
631 2261 694 2301 suos
711 2245 847 2315 predictos
866 2243 901 2298 ad
917 2244 969 2298 hoc
987 2242 1069 2312 depn·
1121 2229 1294 2302 missorum
1311 2238 1483 2302 occasione
1505 2257 1633 2301 mouere
1653 2233 1866 2303 communiter
1888 2239 1939 2302 vel
1963 2237 2011 2302 di·

176 2369 314 2431 tacentur,
331 2357 485 2428 hujusmodi
506 2358 684 2427 iurisdictioni
706 2357 852 2427 presidenti
869 2371 917 2410 seu
933 2354 1069 2425 presiden-
1121 2350 1213 2415 sisinn
1245 2346 1459 2416 intendebant
1488 2369 1603 2414 causas
1636 2347 1754 2413 dilecto
1779 2343 1855 2415 clio
1880 2345 2013 2414 Nicoloo
2046 2431 2050 2438 ⁵

176 2475 251 2529 ntus
274 2489 325 2543 pro
347 2478 468 2541 tempore
485 2471 616 2528 dictorum
636 2469 834 2525 ‘oninadornm
858 2473 885 2522 et
908 2466 1070 2522 archidiace-
1122 2461 1224 2526 electo
1249 2460 1523 2540 Ferentinatensi‚
1542 2467 1621 2528 tnnc
1645 2462 1812 2544 capellano
1835 2467 1948 2526 nostro
1980 2467 2014 2544 et

176 2603 276 2643 norom
300 2589 328 2641 in
346 2585 427 2656 opido
451 2587 596 2637 memorato
615 2581 743 2637 deberent
766 2579 799 2635 dc
817 2578 984 2634 convenienti
1002 2577 1071 2632 sula-
1122 2573 1264 2639 auditori
1287 2593 1459 2640 musarum
1483 2573 1599 2656 palatii
1622 2573 1807 2656 apostolici,
1831 2573 1873 2638 ed
1897 2593 2013 2638 eorun-

177 2703 217 2757 rio
243 2698 395 2771 sumptibus
420 2695 489 2764 suis,
513 2693 699 2750 moderacione
727 2691 831 2761 pretia,
856 2691 931 2745 anub
961 2689 1071 2758 unguis
1123 2685 1196 2756 dem
1215 2686 1449 2768 episcoporum,
1467 2687 1716 2768 prepositorum,
1735 2683 1940 2762 decanorum,
1959 2703 2012 2749 ce.-

174 2809 328 2886 prcvidere,
346 2799 448 2866 eciam
465 2797 601 2862 abbate¹
621 2794 741 2881 [suncti
757 2791 896 2876 EgidiiP
914 2796 948 2855 et
966 2791 1071 2856 teneti
1121 2799 1298 2882 pitulorum
1321 2803 1356 2862 et
1379 2796 1568 2862 Theoderici
1594 2818 1633 2862 ac
1659 2796 1784 2862 Alberti
1808 2796 2013 2880 archidyaco-

175 2915 280 2981 Blasii
297 2911 452 2997 predictis
471 2929 509 2974 ac
527 2907 647 2972 dilecto
664 2905 730 2970 filio
749 2903 845 2970 beate
858 2903 960 2967 Merit
973 2901 1069 2966 Ham·
1121 2929 1236 2975 norum
1254 2910 1448 2975 instanciam
1465 2908 1643 2974 audiendas
1664 2909 1879 2975 commisimus
1898 2913 1931 2972 et
1948 2905 2013 2972 fine

174 3026 360 3112 burgensis,
385 3015 567 3088 Bremensis
592 3017 674 3084 dioc.
693 3017 902 3082 ecclesiarum
928 3013 1069 3093 decenis,
1122 3020 1232 3086 debito
1262 3020 1501 3100 terminandos,
1533 3022 1777 3087 nonobstante
1803 3019 1892 3104 quod
1916 3039 2013 3084 conse

154 3169 157 3174 ·
175 3157 293 3207 eornm
306 3135 490 3206 nominibus
506 3129 726 3216 'propriisnon
738 3129 909 3212 expressis,
926 3127 1081 3209 ipsarum·
1121 3133 1190 3216 ipse
1209 3131 1249 3197 de
1273 3133 1323 3197 sui
1340 3138 1460 3198 nutura
1476 3132 1519 3198 nd
1540 3149 1708 3198 romonum
1726 3134 1848 3198 cutiam
1870 3131 2013 3215 legitimo

173 3255 366 3322 ultimarum
389 3248 764 3312 literarum-nostrarum
787 3261 846 3324 per
869 3259 929 3304 nos
954 3257 1069 3302 execti·
1122 3245 1273 3310 deuolute
1291 3251 1325 3310 et
1342 3245 1429 3328 apud
1448 3265 1520 3310 eant
1544 3245 1716 3310 tractunde
1741 3249 1775 3309 et
1791 3241 1929 3308 finiende
1947 3261 2013 3306 non

174 3366 305 3434 toribus
325 3360 507 3445 deputatis,
532 3362 630 3440 prout
647 3357 680 3420 in
702 3352 858 3438 predictis
876 3351 978 3416 literis
1001 3347 1069 3432 ple·
1122 3363 1243 3423 essent.
1269 3355 1313 3422 Et
1331 3356 1446 3421 deinde
1464 3361 1639 3440 postquam
1658 3355 1765 3421 dictus
1782 3355 1915 3433 electus,
1933 3359 2012 3418 tunc

172 3479 247 3546 nius
266 3475 464 3542 continetur.
489 3465 699 3534 Postmodum
712 3485 799 3546 vero,
817 3462 909 3529 sicud
927 3461 1070 3526 exhibita
1122 3468 1268 3546 auditor,
1294 3470 1326 3533 in
1344 3469 1530 3552 hujusmodi
1548 3489 1648 3534 causa
1665 3467 1707 3532 ad
1725 3465 1900 3532 nonnullos
1918 3469 2012 3530 pom

173 3592 270 3657 nobis
299 3605 405 3671 nuper
434 3603 494 3667 pro
523 3586 618 3665 pt‘rte
647 3579 808 3644 dictorum
830 3573 1069 3659 precentulllms
1121 3581 1207 3646 inter
1224 3589 1336 3664 partes
1360 3581 1449 3664 ipsas
1467 3586 1770 3664 processerat,·nos
1789 3597 1905 3644 causas
1922 3578 2011 3660 ipsas

173 3701 347 3771 concilium
362 3703 396 3762 ct
410 3693 629 3761 univcrsitatis
646 3675 765 3774 pcttclc
781 3675 977 3766 continebat,
997 3705 1069 3750 culn
1121 3713 1161 3757 ex
1180 3694 1278 3758 certis
1297 3695 1403 3758 causis
1419 3694 1565 3760 'animum
1583 3697 1731 3757 nostrum
1748 3690 1951 3755 moventibus
1970 3687 2013 3752 ad
2134 3685 2136 3688 ⁵

173 3813 317 3881 dilectus
339 3810 424 3876 filius
441 3807 618 3871 Wernerus
638 3802 780 3867 decanus
802 3797 945 3882 ejusdem
965 3798 1068 3862 cocle·
1121 3825 1181 3870 nos
1198 3799 1409 3886 t'tdvocsntes,
1434 3821 1490 3870 eas
1508 3805 1625 3871 dilecto
1647 3804 1712 3869 filio
1730 3807 1844 3868 nostro
1862 3799 2012 3866 Bartolo·

173 3929 221 3994 sie
244 3928 346 3993 beate
364 3921 466 3986 Marie
492 3918 578 3983 solus
601 3917 635 3981 in
656 3911 842 3997 hujusmodi
865 3909 1070 3975 executionis
1120 3937 1202 3996 meo,
1221 3917 1429 4002 titufi'sancti
1442 3915 1802 3994 Martinipnmoniibus‚
1820 3911 2012 3998 presbytero

170 4037 360 4125 procedens
378 4031 522 4114 negocio,
540 4033 639 4112 prout
657 4047 697 4092 ex
714 4023 819 4089 forma
831 4012 1007 4088 earundem
1019 4021 1068 4085 ul·
1121 4029 1277 4095 cardinali
1305 4028 1454 4094 duximus
1480 4028 1728 4108 cpmmittendgs
1759 4030 1793 4091 et
1814 4025 1877 4090 fine
1902 4023 2012 4090 debito

170 4153 331 4217 timerem
353 4146 485 4230 inierat
502 4141 685 4219 literarum,
704 4137 747 4202 ad
770 4138 916 4220 ipsorum
933 4143 1068 4216 procon-
1121 4141 1352 4221 terminandas,
1371 4142 1425 4225 qui
1444 4140 1591 4205 similiter
1608 4141 1642 4204 in
1654 4139 1760 4204 causis
1777 4137 1857 4222 ipsis
1871 4135 1913 4202 ad
1931 4155 2012 4200 non·

170 4265 282 4330 sulum
308 4265 343 4324 et
366 4255 532 4323 consulum
557 4257 591 4318 et
612 4249 833 4316 universitatis
852 4267 891 4311 sc
913 4265 1068 4329 persono·
1121 4253 1325 4318 nnlosoalios
1344 4257 1437 4318 aptus
1454 4253 1543 4317 inter
1565 4256 1677 4335 pasees
1695 4251 1783 4334 ipsas
1802 4249 1919 4313 dicitur
1934 4267 2010 4332 pm.

168 4392 244 4442 rum
269 4370 465 4440 instanciam
493 4371 600 4432 00fi⁰⁸
618 4381 791 4448 Ρῐθθθ88118
808 4358 952 4424 f00i⁸⁸0t2
975 4375 1069 4422 vent·
1122 4363 1268 4430 cessisse.
1296 4363 1376 4430 Cum
1394 4370 1513 4444 antem,
1532 4363 1643 4430 litibus
1666 4363 1745 4446 ipsis
1764 4363 1810 4426 sic
1829 4379 1938 4427 corum
1956 4378 2011 4424 eo·

172 4486 292 4554 rabilis
311 4483 414 4548 irater
431 4477 545 4544 noster
562 4473 748 4542 chersrdus
767 4471 937 4555 episcopus
958 4468 1068 4534 Hilde·
1121 4475 1195 4542 dem
1213 4475 1369 4542 cardinali
1386 4481 1424 4544 ut
1445 4478 1647 4560 premittitur
1662 4473 1821 4540 indescise
1839 4471 2010 4555 pendenti·

167 4597 344 4676 Semcnflifl,
368 4615 406 4660 nc
425 4591 504 4658 dicti
529 4587 706 4673 capitulum
728 4600 855 4649 nccncll
879 4581 990 4646 dilecti
1011 4580 1068 4645 filit
1119 4587 1197 4667 bus,
1222 4607 1283 4671 pro
1300 4593 1395 4672 parto
1412 4588 1658 4672 proconsulum,
1676 4585 1859 4664 00nsulum,
1883 4585 2010 4648 univer.

165 4709 361 4797 prepositus
385 4709 419 4770 et
442 4703 584 4770 decanus
602 4697 746 4784 ejusdcm
764 4694 898 4761 ecclesis
921 4692 1068 4757 Hildese'·
1121 4700 1229 4764 sitatis
1255 4703 1289 4766 pt
1311 4721 1523 4784 personarum
1551 4697 1736 4784 hujumodi
1765 4696 1887 4760 nostris
1910 4694 2011 4759 fuerit

165 4823 313 4899 mensis,
335 4838 373 4884 ttc
391 4815 609 4881 Theodertcnc
633 4809 673 4876 dc
691 4808 790 4874 Dante
812 4804 1069 4890 archidyaconus
1120 4810 1254 4878 auribus
1271 4817 1461 4894 reseratum,
1480 4811 1569 4897 quod
1586 4813 1614 4876 si
1631 4829 1729 4875 caupo
1746 4804 1930 4892 hujusmodi
1947 4805 2011 4871 for.

165 4935 209 5008 de
226 4929 385 4999 Stockem
402 4930 435 4994 in
454 4925 567 4992 cadelo
581 4917 976 5002 ecclesis·Hildesemensi,
996 4935 1069 4980 cum
1121 4944 1181 4990 san
1199 4923 1475 5018 ppotpndprentur
1492 4927 1525 4990 in
1543 4924 1683 5006 longum,
1701 4919 1918 4986 verisimiliter
1934 4938 2010 5001 pos.

164 5047 256 5114 infra
274 5043 394 5109 limites
412 5035 702 5122 archidyaconatus
720 5029 760 5097 de
779 5028 930 5096 Stockern
947 5031 1070 5113 inipso.
1123 5041 1196 5101 sent
1214 5037 1328 5102 exinde
1346 5035 1498 5120 pericula,
1516 5054 1684 5114 rancores,
1704 5051 1818 5117 guterre
1837 5051 1876 5096 uo
1894 5030 2010 5096 schan-

163 5156 315 5226 eoclesitt
325 5149 581 5218 Hildensomensi
599 5147 735 5234 [dictum
747 5142 910 5228 opidumP
926 5161 985 5226 pro
1003 5163 1069 5209 uns
1120 5147 1197 5213 dala
1213 5150 1324 5233 gruvis
1341 5147 1473 5213 exoriri:
1491 5167 1551 5232 pro
1569 5151 1662 5230 parte
1677 5143 1915 5229 proconsulum,
1934 5162 2011 5207 con·

163 5277 268 5357 purte
295 5266 468 5343 consistat,
490 5258 722 5346 protendentes
751 5275 786 5321 se
814 5275 874 5338 per
901 5255 1068 5340 predictos
1122 5261 1236 5340 sulum,
1261 5259 1482 5325 universitatis
1501 5265 1535 5325 et
1552 5277 1764 5344 personatum
1786 5255 2009 5340 predictorum

61 5441 64 5448 .
163 5395 351 5468 processus
368 5375 511 5441 indebite
535 5373 604 5438 iore
622 5373 785 5455 gramtos,
805 5367 848 5434 ad
866 5366 976 5434 sedern
987 5389 1068 5452 pre·
1119 5373 1214 5438 nobis
1232 5371 1293 5437 init
1310 5371 1474 5436 humiliter
1491 5371 1723 5457 supplicatum,
1740 5374 1778 5434 nt
1794 5369 1828 5433 in
1844 5363 2010 5451 premissis

185 5527 219 5532 ‘—
279 5519 377 5526 -.—-.-
393 5515 541 5524 ...—.-›---

162 5594 194 5658 1)
217 5589 260 5644 In
280 5587 332 5640 cler
348 5583 504 5642 nomon.
522 5577 619 5636 obtuit
723 5574 766 5641 il),
777 5573 855 5628 Facu
873 5574 904 5626 to
921 5575 971 5628 der
988 5573 1145 5632 Huodsetr.
