4792 6242
1269 414 1345 488 ret

384 653 440 730 sis,
458 641 798 718 Helberstedensis'et
815 653 997 720 Bremensis
1017 653 1207 733 diocesim,
1226 674 1276 718 sa·
1327 662 1355 716 iu
1372 645 1461 730 specie
1479 661 1513 716 ad
1528 661 1657 730 udaian
1675 663 1780 718 evocari
1798 679 1845 717 seu
1862 637 1996 720 uanum
2007 670 2116 740 possem
2130 677 2194 722 cou-

384 765 485 830 lutem
505 769 539 829 et
556 764 772 847 apostolicam
788 764 1057 830 benedictionem.
1101 766 1210 849 Exigit
1229 765 1275 829 di·
1328 783 1455 832 cessum
1472 763 1589 842 fuerat,
1601 765 1798 829 auctoritate
1813 763 1994 847 apostolice
2006 764 2194 846 confirmavit,

383 877 543 942 lectorum
561 875 699 942 liliorum
718 877 958 960 proconsuhim,
975 878 1143 944 consulum
1157 885 1189 942 et
1206 878 1276 940 uni·
1320 877 1448 954 ¹volens,
1462 887 1534 953 quod
1549 901 1598 954 per
1615 885 1845 944 confirmacionem
1856 885 2008 954 injusmodi
2021 887 2116 942 unium
2127 889 2196 944 iiber·

383 971 548 1066 versitatis
576 988 740 1054 hominum
768 1011 807 1055 ac
837 989 1037 1079 singularum
1063 1011 1275 1072 personarum
1326 998 1377 1052 tuti
1388 999 1567 1054 ecclesiastice
1577 997 1753 1066 prejudicium
1765 1005 1946 1067 generaretur,
1959 993 1992 1052 et
2003 1008 2094 1069 super
2104 989 2196 1056 indui-

381 1101 552 1184 utriusque
571 1121 667 1166 sexus
687 1121 726 1166 ex
750 1103 961 1168 universitate
985 1102 1168 1186 hujusmodi
1187 1101 1276 1184 opidi
1309 1119 1311 1124 ’
1328 1104 1363 1168 to
1376 1106 1409 1164 et
1421 1099 1672 1178 confirmacione,
1681 1100 1847 1182 premissis
1859 1105 2099 1166 conservatores
2114 1106 2145 1166 et
2151 1101 2199 1183 ju·

381 1211 649 1292 Brunsvvicensis,
666 1212 955 1278 Helberstadensis
973 1219 1007 1278 et
1024 1213 1275 1280 llildesemensis
1328 1211 1415 1277 dices
1428 1212 1604 1295 deputavit,
1615 1217 1716 1298 prout
1724 1212 1760 1276 ¹in
1771 1211 1905 1275 diversis
1916 1210 1991 1276 inde
2000 1211 2145 1276 consectis
2152 1195 2200 1278 iit'-
2285 1293 2288 1302 γ

383 1323 577 1408 diooosium,
601 1324 785 1418 devocionis
811 1325 961 1405 affectus,
985 1347 1080 1410 quem
1098 1324 1140 1390 ad
1157 1346 1220 1420 nos
1243 1331 1277 1390 et
1319 1325 1407 1389 teris
1419 1325 1545 1407 plenius
1556 1325 1751 1388 continetur.
1772 1323 1852 1388 Cum
1863 1329 1983 1402 autem,
1995 1324 2075 1388 sieut
2086 1345 2123 1388 ex
2132 1345 2200 1406 pro-

383 1456 552 1502 romanam
570 1441 688 1520 gerunt
707 1437 890 1516 eeclesiam,
911 1443 949 1502 ut
972 1437 1006 1502 in
1029 1437 1090 1502 hiis
1115 1458 1178 1520 que
1198 1443 1275 1502 sunt
1328 1436 1505 1514 consilum,
1515 1435 1692 1516 consulum,
1704 1435 1941 1500 universitatis²
1955 1439 1989 1500 et
2000 1415 2202 1523 personarum

380 1541 504 1614 favoris
522 1555 556 1613 et
574 1549 682 1632 gracie
699 1569 760 1614 nos
773 1548 841 1628 ¹sibi
858 1537 1027 1633 promptos
1045 1550 1209 1634 gaudeant
1223 1545 1274 1615 iri·
1324 1548 1548 1632 predictorum
1570 1548 1802 1640 conquestione
1827 1547 2047 1631 percepimus,
2070 1548 2202 1613 nonnulli

384 1659 522 1730 venisse.
552 1671 660 1726 Dudum
674 1671 803 1740 siquidem
816 1671 934 1727 felicis
946 1673 1211 1740 recordacionis
1222 1673 1274 1728 Bo·
1327 1661 1570 1744 archiepiscopi,
1591 1659 1735 1743 episcopi
1751 1660 1868 1743 aliique
1881 1658 2088 1726 ecclesiarum
2097 1658 2204 1742 prelati

382 1781 481 1854 niiacio
502 1779 589 1852 pape¹
603 1797 656 1852 va
676 1773 902 1856 predecessori
915 1781 1029 1840 nostro
1051 1801 1102 1854 pro
1117 1789 1196 1853 parte
1212 1775 1274 1852 prol·
1327 1779 1360 1838 et
1379 1772 1501 1851 clerici,
1520 1793 1558 1837 ac
1577 1772 1795 1862 ecclesiastice
1819 1755 1959 1854 persone
1980 1775 2048 1836 tam
2068 1771 2203 1853 religiose

372 1891 529 1964 consulum,
547 1895 694 1966 somnium,
704 1895 885 1951 umveratatis
897 1902 925 1951 et
939 1911 1115 1966 personarum
1128 1896 1272 1952 eorundem
1323 1905 1421 1968 quam
1438 1885 1609 1962 seculares
1622 1901 1749 1949 necnon
1765 1883 1875 1961 duces,
1893 1882 2104 1960 marchiones,
2118 1883 2205 1946 comi·

380 2006 520 2079 exposito,
538 2007 611 2074 quod
628 2023 689 2061 cum
706 2007 758 2076 ipsi
775 2009 809 2062 ab
828 1999 920 2063 eorum
937 2009 1078 2066 ordinariis
1096 2017 1124 2063 et
1140 2008 1271 2063 archidia-
1324 2005 1391 2076 tes,
1410 1996 1567 2075 barones,
1585 1979 1725 2076 nobileS,
1744 1996 1863 2090 milites
1882 2000 1915 2059 et
1933 1994 2018 2072 laici,
2038 1979 2207 2060 communie

378 2119 454 2174 conis
471 2119 524 2173 loci
537 2134 580 2174 ac
596 2120 747 2188 ipsorum
771 2116 925 2175 officialibus
945 2121 1127 2191 multipliciter
1144 2135 1272 2176 vexaren-
1324 2109 1507 2189 civitetum,
1540 2108 1769 2176 universitates
1801 2107 1987 2191 opidorum,
2023 2111 2204 2185 castrorum,

379 2236 426 2284 tur
443 2237 471 2288 ot
489 2237 567 2286 exus
584 2198 683 2288 dietum
701 2231 809 2302 opidum
823 2233 913 2302 sepius
929 2233 1105 2301 adjudicium
1121 2234 1271 2302 citaren-
1323 2221 1472 2286 villarum
1493 2226 1526 2296 et
1549 2220 1684 2288 aliorum
1710 2220 1869 2298 locorum,
1892 2223 1927 2282 et
1950 2219 2014 2284 alie
2038 2217 2207 2302 singulares

378 2348 436 2396 tur
453 2341 487 2396 ad
504 2341 711 2412 comparendum
730 2325 820 2399 coram
835 2345 1040 2414 uobidimonis,
1058 2345 1207 2415 ordinariis,
1226 2353 1273 2400 aut
1322 2353 1463 2415 persone
1482 2332 1648 2420 civitatum
1668 2338 1701 2428 et
1725 2331 1901 2397 diocesium
1919 2331 2115 2396 etaliarum
2139 2350 2206 2412 par·

380 2423 536 2508 officialibus
548 2455 696 2532 medicus,
707 2461 735 2510 et
747 2463 893 2525 propterea
906 2457 1025 2512 enormia
1039 2457 1184 2512 schmdaia
1196 2473 1271 2526 pre·
1324 2445 1408 2510 cium
1426 2445 1627 2508 diversarum
1640 2444 1806 2526 predictos
1822 2443 2047 2526 proconsules,
2061 2442 2209 2518 eonsules,

378 2566 497 2620 sertim
507 2566 631 2620 muliebri
640 2568 716 2648 serni
730 2567 850 2636 ejusdem
862 2547 1130 2639 opidioriretitur,
1141 2585 1271 2624 necnon
1323 2557 1569 2622 universitatem
1588 2561 1621 2621 et
1638 2575 1796 2639 personas
1818 2561 1934 2622 contra
1952 2555 2082 2620 indulta
2095 2560 2128 2620 et
2140 2573 2208 2618 oon·

378 2678 591 2748 proconsulibus,
603 2677 766 2747 cousnibus,
777 2679 945 2735 universitati
957 2671 1117 2749 asperseris
1134 2680 1269 2759 predio·
1320 2667 1539 2755 firmationem
1559 2667 1760 2752 hujusmodis
1780 2666 1823 2732 ed
1842 2667 1969 2762 diversa
1983 2667 2107 2750 judicia
2125 2651 2226 2734 extra.

375 2787 422 2842 tis
444 2759 552 2844 mutiles
575 2799 695 2858 expense
718 2797 746 2844 et
770 2789 867 2845 damna
889 2781 1078 2847 munerabilis
1099 2792 1269 2860 frequencius
1321 2753 1443 2845 dictum
1462 2779 1594 2866 opidum
1611 2780 1742 2844 trahere
1761 2784 1954 2863 presumant
1973 2779 2120 2862 aliasque
2137 2778 2213 2861 ipsis

380 2899 642 2967 subsequerentur
661 2903 842 2972 nonnullaque
859 2903 1001 2960 homicidia
1016 2905 1208 2973 premissorum
1218 2884 1268 2959 oc·
1307 2881 1552 2975 'premissorum
1576 2893 1746 2958 occasione
1772 2892 1969 2976 multiplices
1992 2885 2158 2966 molestias
2181 2895 2211 2954 et

377 3011 486 3071 cesione
508 3001 670 3082 quaudoque
701 3012 860 3085 perpetrata
884 3007 1046 3071 tuissent:
1075 3005 1181 3071 dicitis
1204 3006 1267 3071 Bo·
1319 2985 1657 3088 injuriosiniorautot
1669 3005 1832 3089 jacturas:
1852 3025 1912 3086 pro
1924 3011 2024 3087 parte
2041 3023 2211 3087 proconsu-

377 3101 516 3190 niiacius
541 3115 754 3199 predecessor
778 3117 1042 3202 proconsulibus,
1072 3118 1267 3198 consulibus,
1304 3117 1396 3194 lum,
1415 3117 1594 3196 consulum,
1611 3116 1834 3182 universitatis
1853 3117 1886 3182 et
1902 3121 2122 3199 personatum
2142 3133 2210 3198 pre·

266 3265 275 3276 -
375 3224 581 3292 unitersitati
598 3249 637 3294 ac
663 3229 811 3311 personis
828 3228 984 3312 predictis
1006 3249 1066 3313 per
1088 3250 1165 3296 suas
1182 3230 1268 3294 litte·
1321 3229 1482 3298 diotorum
1491 3229 1587 3294 nobis
1598 3227 1659 3296 fuit
1671 3227 1836 3294 humiliter
1848 3228 2080 3314 supplicatum,
2093 3232 2129 3292 ut
2145 3247 2212 3292 cum

381 3359 436 3403 ras
455 3340 625 3421 concessit,
644 3335 676 3405 nt
692 3351 833 3440 requiem
849 3367 898 3422 per
916 3353 1077 3422 apostolicas
1100 3369 1148 3408 sou
1169 3354 1269 3422 iegato
1322 3340 1445 3407 eisdem
1462 3341 1555 3406 valde
1572 3339 1732 3405 reddatur
1750 3339 1885 3418 difficile,
1903 3333 1965 3425 pr'o
1985 3339 2124 3423 singulis
2146 3357 2215 3422 que

374 3475 434 3512 rum
459 3462 606 3530 apostolice
630 3462 714 3532 sedis,
732 3479 951 3533 quorumcunque
973 3471 1097 3521 tenorum
1119 3466 1273 3534 existerent,¹
1322 3455 1399 3520 relis
1419 3453 1593 3519 occasione¹
1605 3453 1838 3535 premissorum
1856 3451 1898 3517 ad
1912 3451 2028 3520 sedem
2039 3441 2223 3538 predictam

379 3587 434 3626 nou
458 3569 587 3656 iacientes
609 3574 762 3644 plenumst
785 3577 940 3645 expressam
956 3593 988 3633 ao
1012 3577 1045 3632 de
1061 3578 1143 3632 verbo
1161 3567 1270 3632 ad‘v‘er-
1323 3561 1444 3632 habere
1456 3567 1632 3645 recursum,
1644 3563 1816 3647 providere
1828 3564 1908 3647 ipsis
1920 3586 2025 3648 super
2037 3564 2102 3630 hoc
2112 3561 2153 3628 de
2165 3563 2218 3630 be-

258 3735 263 3748 ,
378 3683 441 3738 bum
459 3683 492 3739 de
509 3684 613 3740 indtdto
629 3687 789 3778 ¹hujusmodi
810 3689 988 3759 mundonem,
1012 3703 1061 3744 seu
1078 3689 1183 3744 eciam
1201 3687 1271 3743 ordi·
1322 3677 1481 3760 nignitate
1500 3677 1680 3759 apostolica
1698 3676 1915 3760 dignaremur.
1957 3677 2029 3743 Nos
2048 3676 2147 3761 igitur
2164 3671 2216 3740 ad·

380 3796 788 3890 nudorumarcbidiaoouorum
805 3807 853 3855 ant
870 3778 1019 3856 officialium
1034 3800 1199 3870 prefatorum
1214 3800 1272 3855 lit·
1324 3809 1436 3855 versus
1447 3794 1702 3873 presumpturos,
1716 3789 1947 3858 molestatores
1959 3795 1995 3855 et
2012 3791 2219 3874 injuriatores

379 3913 474 3963 teras
493 3915 570 3964 extra
587 3910 686 3968 dmm
704 3911 813 3982 opidum
830 3913 965 3969 conveniri
982 3914 1024 3970 vei
1037 3914 1115 3984 uem,
1129 3912 1272 3968 dummodo
1323 3894 1508 3984 hujusmodi
1518 3901 1574 3966 illo
1585 3901 1731 3966 volentes
1739 3899 1861 3966 eisdem
1872 3897 2141 3986 proconsulibus,
2149 3917 2235 3965 cou··

379 4017 450 4074 infra
467 4021 577 4090 opidum
593 4024 682 4092 ipsum
695 4023 796 4094 'parad
814 4031 913 4095 esseut,
930 4025 963 4081 dc
981 4026 1029 4081 eis
1047 4026 1272 4095 conquerentibus
1324 4012 1458 4093 sulibus,
1475 4012 1680 4078 universitati
1691 4019 1724 4078 et
1740 4014 1888 4096 personis
1906 4013 2058 4080 remedio
2077 4009 2219 4078 subveni·

381 4129 508 4188 exhibere
522 4133 630 4202 jmticie
648 4127 869 4206 complementum
887 4153 978 4192 comm
996 4138 1086 4207 judice
1103 4138 1273 4208 competenti,
1324 4146 1377 4204 re,
1396 4145 1455 4209 per
1473 4124 1561 4209 quod
1583 4126 1727 4210 ipsorum
1746 4125 1976 4208 compescatur
1989 4123 2174 4192 'temeritas
2191 4127 2222 4188 et

381 4233 557 4300 decernens
582 4247 686 4300 irritum
704 4253 732 4304 et
753 4248 832 4304 inane
855 4249 980 4318 quioquid
1004 4256 1098 4305 contra
1119 4249 1273 4318 husjusmodi
1324 4237 1394 4304 aliis
1412 4237 1521 4303 editus
1540 4237 1763 4304 committendi
1773 4231 1898 4304 'similia
1914 4238 2146 4321 precludatur,
2163 4235 2221 4300 dis·

380 4356 477 4411 induiti
495 4347 614 4414 tenorem
631 4375 681 4429 per
699 4364 876 4429 quoscunque
897 4361 990 4429 quasis
1008 4361 1168 4416 amtontate
1186 4361 1270 4416 scien
1294 4427 1298 4440 ι
1324 4350 1465 4416 crecioni
1482 4353 1594 4415 vestre
1606 4369 1667 4436 per
1679 4351 1861 4432 apostolica
1875 4351 2003 4434 scripta
2021 4349 2222 4424 mandamus,

378 4475 421 4523 ter
438 4469 480 4524 vei
494 4469 653 4538 ignoranter
670 4472 837 4542 confingeret
853 4473 1015 4542 attemptari.
1043 4462 1176 4527 Necnon
1189 4461 1271 4528 Mar-
1324 4461 1476 4544 quatinus
1493 4482 1552 4527 vos
1569 4463 1620 4527 vel
1638 4461 1703 4528 duc
1723 4466 1782 4527 aut
1799 4483 1883 4527 unus
1902 4467 2072 4542 vestrum,
2091 4482 2151 4546 per
2167 4477 2222 4524 vos

379 4569 468 4634 tinus
489 4590 577 4654 papa
592 4593 613 4636 v
630 4573 733 4639 eciam
749 4573 962 4657 predecessor
974 4579 1087 4640 noster
1100 4578 1206 4639 certas
1223 4593 1271 4639 re·
1323 4573 1374 4639 vel
1397 4573 1495 4638 alium
1519 4594 1577 4639 eeu
1594 4575 1694 4654 alios,
1713 4575 1815 4644 eciam
1839 4575 1951 4640 sisini
1971 4579 2073 4640 extra
2096 4575 2170 4639 loca
2191 4571 2222 4634 in

380 4680 679 4750 colendememorio
695 4683 1117 4770 Sigismundiimperatoris,
1131 4691 1273 4765 tunore,-
1324 4685 1442 4768 quibus
1466 4675 1614 4768 deputati
1637 4688 1730 4778 estis,
1748 4691 1999 4753 conservatores
2027 4692 2064 4753 et
2088 4684 2223 4770 judices,

381 4793 430 4876 gis
447 4793 666 4860 Romanorum
675 4845 689 4890 ².
704 4797 831 4864 litteras
854 4805 889 4864 et
910 4803 1065 4865 contenta
1088 4798 1122 4864 in
1140 4790 1271 4878 eisdem,
1322 4796 1461 4881 prefatis
1475 4775 1733 4880 proconsulibus,
1746 4797 1942 4879 consulibus,
1958 4796 2174 4864 universitati
2193 4799 2224 4858 et

268 4887 275 4898 ’
381 4925 440 4987 per
461 4925 543 4988 quas
561 4908 831 4989 proconsulibus,
850 4910 1051 4990 consulibus,
1069 4909 1272 4976 universitati
1322 4909 1470 4992 personis
1489 4909 1626 4974 efficacis
1644 4909 1840 4976 defensionis
1861 4910 2010 4994 presidio
2030 4911 2225 4976 assmtentes

381 5017 415 5078 et
431 5018 580 5098 personis
595 5015 776 5102 'predictis,
794 5038 825 5086 nt
841 5033 868 5086 is
883 5033 1089 5102 ,quibuscunque
1106 5032 1194 5088 tauns
1211 5032 1272 5088 oivi·
1323 5041 1389 5086 non
1414 5021 1631 5104 permittatis,
1656 5022 1788 5088 eosdem
1812 5022 1854 5088 ab
1883 5023 1948 5088 illis
1975 5023 2032 5088 vel
2056 5019 2225 5108 quibusvis

380 5136 451 5192 libus
469 5141 497 5190 et
514 5139 596 5192 ecum
614 5142 793 5199 edumaibus
810 5147 888 5198 eitra
906 5143 1005 5202 dictum
1015 5143 1123 5213 opidum
1133 5142 1172 5197 ad·
1183 5143 1273 5212 aliqua
1323 5132 1395 5197 aliis
1414 5137 1529 5198 contra
1546 5132 1673 5200 indulta
1692 5139 1725 5198 et
1738 5133 2027 5200 confirmacionem
2039 5130 2226 5219 hujusmodi

379 5245 493 5329 mranea
510 5250 756 5338 secmmujndicia
771 5255 881 5324 publica
897 5257 938 5310 vel
956 5257 1061 5326 privata
1077 5255 1105 5309 in
1123 5269 1219 5326 genere
1229 5255 1271 5310 vel
1323 5251 1417 5310 extra
1429 5243 1551 5309 dictum
1560 5244 1692 5329 opidum
1703 5223 1912 5330 adjudicium
1922 5248 2062 5324 evocari
2075 5267 2136 5312 seu
2147 5243 2227 5312 alias

379 5577 407 5642 1)
427 5593 507 5646 papa.
618 5577 648 5643 2)
668 5577 845 5632 universitati.
953 5580 984 5646 3)
1002 5547 1153 5648 huiusmodi
1171 5582 1208 5634 t'm
1231 5579 1341 5634 Trunca.
1359 5580 1473 5648 doppclt.
