<?xml version="1.0" encoding="UTF-8"?>
<!DOCTYPE html PUBLIC "-//W3C//DTD XHTML 1.0 Transitional//EN"
    "http://www.w3.org/TR/xhtml1/DTD/xhtml1-transitional.dtd">
<html xmlns="http://www.w3.org/1999/xhtml" xml:lang="en" lang="en">
 <head>
  <title>
</title>
<meta http-equiv="Content-Type" content="text/html;charset=utf-8" />
  <meta name='ocr-system' content='tesseract 3.04.00' />
  <meta name='ocr-capabilities' content='ocr_page ocr_carea ocr_par ocr_line ocrx_word'/>
</head>
<body>
  <div class='ocr_page' id='page_1' title='image "./urkundenbuchder02mackgoog_0225.png"; bbox 0 0 4792 6242; ppageno 0'>
   <div class='ocr_carea' id='block_1_1' title="bbox 1247 389 1323 462">
    <p class='ocr_par' dir='ltr' id='par_1_1' title="bbox 1247 389 1323 462">
     <span class='ocr_line' id='line_1_1' title="bbox 1247 389 1323 462; baseline 0.039 -3"><span class='ocrx_word' id='word_1_1' title='bbox 1247 389 1323 462; x_wconf 80' lang='lat' dir='ltr'>stt</span> 
     </span>
    </p>
   </div>
   <div class='ocr_carea' id='block_1_2' title="bbox 325 621 1272 2962">
    <p class='ocr_par' dir='ltr' id='par_1_2' title="bbox 325 621 1272 2962">
     <span class='ocr_line' id='line_1_2' title="bbox 374 621 1258 709; baseline -0.002 -17"><span class='ocrx_word' id='word_1_2' title='bbox 374 621 576 699; x_wconf 76' lang='lat' dir='ltr'>Bonifatius</span> <span class='ocrx_word' id='word_1_3' title='bbox 605 627 792 709; x_wconf 81' lang='lat' dir='ltr'>episeopus,</span> <span class='ocrx_word' id='word_1_4' title='bbox 816 644 927 690; x_wconf 77' lang='lat' dir='ltr'>servm</span> <span class='ocrx_word' id='word_1_5' title='bbox 944 625 1118 690; x_wconf 74' lang='lat' dir='ltr'>&#39;strvcrum</span> <span class='ocrx_word' id='word_1_6' title='bbox 1136 625 1197 706; x_wconf 88' lang='lat' dir='ltr'>dei,</span> <span class='ocrx_word' id='word_1_7' title='bbox 1215 624 1258 690; x_wconf 90' lang='lat' dir='ltr'>ad</span> 
     </span>
     <span class='ocr_line' id='line_1_3' title="bbox 367 735 1257 804; baseline 0.002 -2"><span class='ocrx_word' id='word_1_8' title='bbox 367 737 510 802; x_wconf 85' lang='lat' dir='ltr'>fitturam</span> <span class='ocrx_word' id='word_1_9' title='bbox 527 739 575 804; x_wconf 90' lang='lat' dir='ltr'>rei</span> <span class='ocrx_word' id='word_1_10' title='bbox 592 736 789 802; x_wconf 83' lang='lat' dir='ltr'><strong>memoriam.</strong></span> <span class='ocrx_word' id='word_1_11' title='bbox 817 735 946 800; x_wconf 80' lang='lat' dir='ltr'>Sincere</span> <span class='ocrx_word' id='word_1_12' title='bbox 965 735 1148 802; x_wconf 86' lang='lat' dir='ltr'>devocionis</span> <span class='ocrx_word' id='word_1_13' title='bbox 1160 737 1257 804; x_wconf 86' lang='lat' dir='ltr'>affec·</span> 
     </span>
     <span class='ocr_line' id='line_1_4' title="bbox 368 846 1258 935; baseline 0.002 -21"><span class='ocrx_word' id='word_1_14' title='bbox 368 854 421 914; x_wconf 89' lang='lat' dir='ltr'>tus</span> <span class='ocrx_word' id='word_1_15' title='bbox 447 855 481 915; x_wconf 85' lang='lat' dir='ltr'>et</span> <span class='ocrx_word' id='word_1_16' title='bbox 512 854 665 922; x_wconf 81' lang='lat' dir='ltr'><strong>constans</strong></span> <span class='ocrx_word' id='word_1_17' title='bbox 696 846 836 912; x_wconf 88' lang='lat' dir='ltr'>fidelitas</span> <span class='ocrx_word' id='word_1_18' title='bbox 861 869 943 935; x_wconf 90' lang='lat' dir='ltr'>quos</span> <span class='ocrx_word' id='word_1_19' title='bbox 967 848 1076 914; x_wconf 90' lang='lat' dir='ltr'>dilecti</span> <span class='ocrx_word' id='word_1_20' title='bbox 1104 850 1160 914; x_wconf 90' lang='lat' dir='ltr'>filii</span> <span class='ocrx_word' id='word_1_21' title='bbox 1181 873 1258 934; x_wconf 71' lang='lat' dir='ltr'>pro-</span> 
     </span>
     <span class='ocr_line' id='line_1_5' title="bbox 368 959 1257 1044; baseline 0.002 -18"><span class='ocrx_word' id='word_1_22' title='bbox 368 962 533 1039; x_wconf 79' lang='lat' dir='ltr'>consules,</span> <span class='ocrx_word' id='word_1_23' title='bbox 558 959 706 1026; x_wconf 89' lang='lat' dir='ltr'>consules</span> <span class='ocrx_word' id='word_1_24' title='bbox 726 962 760 1023; x_wconf 87' lang='lat' dir='ltr'>et</span> <span class='ocrx_word' id='word_1_25' title='bbox 781 961 978 1026; x_wconf 73' lang='lat' dir='ltr'>universitas</span> <span class='ocrx_word' id='word_1_26' title='bbox 994 960 1082 1044; x_wconf 89' lang='lat' dir='ltr'>opidi</span> <span class='ocrx_word' id='word_1_27' title='bbox 1099 961 1257 1028; x_wconf 81' lang='lat' dir='ltr'>Brunssvi·</span> 
     </span>
     <span class='ocr_line' id='line_1_6' title="bbox 370 1053 1256 1152; baseline 0.001 -13"><span class='ocrx_word' id='word_1_28' title='bbox 370 1075 490 1152; x_wconf 83' lang='lat' dir='ltr'>censis,</span> <span class='ocrx_word' id='word_1_29' title='bbox 522 1071 807 1140; x_wconf 87' lang='lat' dir='ltr'>Helberstadensis</span> <span class='ocrx_word' id='word_1_30' title='bbox 833 1076 866 1137; x_wconf 92' lang='lat' dir='ltr'>et</span> <span class='ocrx_word' id='word_1_31' title='bbox 890 1053 1148 1138; x_wconf 83' lang='lat' dir='ltr'>&#39;Hildesemensis</span> <span class='ocrx_word' id='word_1_32' title='bbox 1174 1073 1256 1141; x_wconf 90' lang='lat' dir='ltr'>dioc.</span> 
     </span>
     <span class='ocr_line' id='line_1_7' title="bbox 367 1183 1257 1280; baseline 0 -30"><span class='ocrx_word' id='word_1_33' title='bbox 367 1184 410 1250; x_wconf 90' lang='lat' dir='ltr'>ad</span> <span class='ocrx_word' id='word_1_34' title='bbox 429 1190 542 1280; x_wconf 31' lang='lat' dir='ltr'>nos‘et</span> <span class='ocrx_word' id='word_1_35' title='bbox 560 1205 726 1250; x_wconf 78' lang='lat' dir='ltr'>romanam</span> <span class='ocrx_word' id='word_1_36' title='bbox 744 1183 912 1251; x_wconf 89' lang='lat' dir='ltr'>ecclesiam</span> <span class='ocrx_word' id='word_1_37' title='bbox 931 1205 1041 1280; x_wconf 77' lang='lat' dir='ltr'>gerere</span> <span class='ocrx_word' id='word_1_38' title='bbox 1057 1187 1257 1268; x_wconf 90' lang='lat' dir='ltr'>conproban-</span> 
     </span>
     <span class='ocr_line' id='line_1_8' title="bbox 365 1277 1259 1395; baseline 0.002 -33"><span class='ocrx_word' id='word_1_39' title='bbox 365 1302 429 1378; x_wconf 88' lang='lat' dir='ltr'>tur,</span> <span class='ocrx_word' id='word_1_40' title='bbox 457 1297 572 1395; x_wconf 80' lang='lat' dir='ltr'>merito</span> <span class='ocrx_word' id='word_1_41' title='bbox 600 1277 841 1380; x_wconf 71' lang='lat' dir='ltr'>promerentur,</span> <span class='ocrx_word' id='word_1_42' title='bbox 864 1301 902 1362; x_wconf 91' lang='lat' dir='ltr'>ut</span> <span class='ocrx_word' id='word_1_43' title='bbox 929 1297 985 1364; x_wconf 90' lang='lat' dir='ltr'>illa</span> <span class='ocrx_word' id='word_1_44' title='bbox 1007 1298 1053 1366; x_wconf 86' lang='lat' dir='ltr'>eis</span> <span class='ocrx_word' id='word_1_45' title='bbox 1080 1277 1259 1366; x_wconf 82' lang='lat' dir='ltr'>liberaliter</span> 
     </span>
     <span class='ocr_line' id='line_1_9' title="bbox 366 1408 1272 1500; baseline 0.003 -26"><span class='ocrx_word' id='word_1_46' title='bbox 366 1408 582 1478; x_wconf 80' lang='lat' dir='ltr'>concedamus</span> <span class='ocrx_word' id='word_1_47' title='bbox 606 1429 668 1492; x_wconf 90' lang='lat' dir='ltr'>que</span> <span class='ocrx_word' id='word_1_48' title='bbox 687 1408 730 1473; x_wconf 88' lang='lat' dir='ltr'>ad</span> <span class='ocrx_word' id='word_1_49' title='bbox 754 1408 917 1474; x_wconf 82' lang='lat' dir='ltr'>salubrem</span> <span class='ocrx_word' id='word_1_50' title='bbox 938 1414 1064 1474; x_wconf 89' lang='lat' dir='ltr'>statum</span> <span class='ocrx_word' id='word_1_51' title='bbox 1088 1431 1200 1475; x_wconf 92' lang='lat' dir='ltr'>eorum</span> <span class='ocrx_word' id='word_1_52' title='bbox 1223 1417 1272 1500; x_wconf 32' lang='lat' dir='ltr'>et,</span> 
     </span>
     <span class='ocr_line' id='line_1_10' title="bbox 365 1517 1256 1603; baseline 0.006 -19"><span class='ocrx_word' id='word_1_53' title='bbox 365 1520 449 1585; x_wconf 87' lang='lat' dir='ltr'>dicti</span> <span class='ocrx_word' id='word_1_54' title='bbox 466 1519 555 1603; x_wconf 89' lang='lat' dir='ltr'>opidi</span> <span class='ocrx_word' id='word_1_55' title='bbox 572 1519 788 1584; x_wconf 89' lang='lat' dir='ltr'>verisimiliter</span> <span class='ocrx_word' id='word_1_56' title='bbox 806 1520 920 1586; x_wconf 82' lang='lat' dir='ltr'>cedere</span> <span class='ocrx_word' id='word_1_57' title='bbox 938 1520 1159 1586; x_wconf 85' lang='lat' dir='ltr'>dinoscuntur.</span> <span class='ocrx_word' id='word_1_58' title='bbox 1188 1517 1256 1589; x_wconf 65' lang='lat' dir='ltr'>Dnss</span> 
     </span>
     <span class='ocr_line' id='line_1_11' title="bbox 368 1629 1255 1716; baseline 0.005 -20"><span class='ocrx_word' id='word_1_59' title='bbox 368 1632 450 1697; x_wconf 91' lang='lat' dir='ltr'>dum</span> <span class='ocrx_word' id='word_1_60' title='bbox 473 1629 709 1715; x_wconf 72' lang='lat' dir='ltr'>siquidempro</span> <span class='ocrx_word' id='word_1_61' title='bbox 727 1636 820 1715; x_wconf 82' lang='lat' dir='ltr'>parte</span> <span class='ocrx_word' id='word_1_62' title='bbox 840 1632 1000 1697; x_wconf 83' lang='lat' dir='ltr'>dictorum</span> <span class='ocrx_word' id='word_1_63' title='bbox 1017 1634 1255 1716; x_wconf 83' lang='lat' dir='ltr'>proconsulum,</span> 
     </span>
     <span class='ocr_line' id='line_1_12' title="bbox 372 1743 1256 1830; baseline 0.007 -22"><span class='ocrx_word' id='word_1_64' title='bbox 372 1743 543 1810; x_wconf 86' lang='lat' dir='ltr'>consulum</span> <span class='ocrx_word' id='word_1_65' title='bbox 570 1743 850 1809; x_wconf 71' lang='lat' dir='ltr'>abuniversitatis</span> <span class='ocrx_word' id='word_1_66' title='bbox 872 1744 966 1810; x_wconf 88' lang='lat' dir='ltr'>nobis</span> <span class='ocrx_word' id='word_1_67' title='bbox 992 1748 1155 1830; x_wconf 85' lang='lat' dir='ltr'>exposito,</span> <span class='ocrx_word' id='word_1_68' title='bbox 1184 1760 1256 1827; x_wconf 84' lang='lat' dir='ltr'>quod</span> 
     </span>
     <span class='ocr_line' id='line_1_13' title="bbox 365 1867 1257 1936; baseline 0.008 -16"><span class='ocrx_word' id='word_1_69' title='bbox 365 1881 426 1920; x_wconf 86' lang='lat' dir='ltr'>ctnn</span> <span class='ocrx_word' id='word_1_70' title='bbox 444 1867 498 1934; x_wconf 89' lang='lat' dir='ltr'>ipsi</span> <span class='ocrx_word' id='word_1_71' title='bbox 516 1872 543 1920; x_wconf 87' lang='lat' dir='ltr'>et</span> <span class='ocrx_word' id='word_1_72' title='bbox 567 1867 717 1935; x_wconf 79' lang='lat' dir='ltr'>singulares</span> <span class='ocrx_word' id='word_1_73' title='bbox 734 1882 850 1936; x_wconf 84' lang='lat' dir='ltr'>persone</span> <span class='ocrx_word' id='word_1_74' title='bbox 872 1869 1013 1936; x_wconf 84' lang='lat' dir='ltr'>utriusque</span> <span class='ocrx_word' id='word_1_75' title='bbox 1032 1883 1114 1925; x_wconf 85' lang='lat' dir='ltr'>sexus</span> <span class='ocrx_word' id='word_1_76' title='bbox 1133 1887 1166 1925; x_wconf 84' lang='lat' dir='ltr'>ex</span> <span class='ocrx_word' id='word_1_77' title='bbox 1184 1869 1257 1928; x_wconf 88' lang='lat' dir='ltr'>dicta</span> 
     </span>
     <span class='ocr_line' id='line_1_14' title="bbox 367 1975 1256 2060; baseline 0.01 -29"><span class='ocrx_word' id='word_1_78' title='bbox 367 1978 541 2034; x_wconf 78' lang='lat' dir='ltr'>universitate</span> <span class='ocrx_word' id='word_1_79' title='bbox 564 1979 598 2032; x_wconf 91' lang='lat' dir='ltr'>ab</span> <span class='ocrx_word' id='word_1_80' title='bbox 615 1978 759 2032; x_wconf 86' lang='lat' dir='ltr'>ordinariis</span> <span class='ocrx_word' id='word_1_81' title='bbox 783 1975 874 2034; x_wconf 89' lang='lat' dir='ltr'>eoruin</span> <span class='ocrx_word' id='word_1_82' title='bbox 892 1995 923 2034; x_wconf 90' lang='lat' dir='ltr'>ac</span> <span class='ocrx_word' id='word_1_83' title='bbox 941 1980 1136 2060; x_wconf 74' lang='lat' dir='ltr'>arciridiaconis</span> <span class='ocrx_word' id='word_1_84' title='bbox 1158 1983 1211 2039; x_wconf 88' lang='lat' dir='ltr'>loci</span> <span class='ocrx_word' id='word_1_85' title='bbox 1229 1993 1256 2040; x_wconf 90' lang='lat' dir='ltr'>et</span> 
     </span>
     <span class='ocr_line' id='line_1_15' title="bbox 367 2065 1256 2159; baseline 0.009 -15"><span class='ocrx_word' id='word_1_86' title='bbox 367 2105 459 2144; x_wconf 90' lang='lat' dir='ltr'>eorum</span> <span class='ocrx_word' id='word_1_87' title='bbox 477 2089 632 2145; x_wconf 87' lang='lat' dir='ltr'>officialibus</span> <span class='ocrx_word' id='word_1_88' title='bbox 650 2065 831 2159; x_wconf 74' lang='lat' dir='ltr'>multipliciter</span> <span class='ocrx_word' id='word_1_89' title='bbox 842 2099 1004 2146; x_wconf 80' lang='lat' dir='ltr'>vexarentur</span> <span class='ocrx_word' id='word_1_90' title='bbox 1022 2100 1049 2148; x_wconf 92' lang='lat' dir='ltr'>et</span> <span class='ocrx_word' id='word_1_91' title='bbox 1067 2101 1143 2150; x_wconf 82' lang='lat' dir='ltr'>extra</span> <span class='ocrx_word' id='word_1_92' title='bbox 1157 2095 1256 2152; x_wconf 83' lang='lat' dir='ltr'>dictum</span> 
     </span>
     <span class='ocr_line' id='line_1_16' title="bbox 365 2179 1255 2276; baseline 0.01 -21"><span class='ocrx_word' id='word_1_93' title='bbox 365 2200 475 2270; x_wconf 84' lang='lat' dir='ltr'>opidum</span> <span class='ocrx_word' id='word_1_94' title='bbox 493 2201 583 2270; x_wconf 76' lang='lat' dir='ltr'>sepius</span> <span class='ocrx_word' id='word_1_95' title='bbox 601 2201 635 2255; x_wconf 91' lang='lat' dir='ltr'>ad</span> <span class='ocrx_word' id='word_1_96' title='bbox 655 2201 783 2269; x_wconf 90' lang='lat' dir='ltr'>judicium</span> <span class='ocrx_word' id='word_1_97' title='bbox 806 2179 979 2257; x_wconf 74' lang='lat' dir='ltr'>traherentur</span> <span class='ocrx_word' id='word_1_98' title='bbox 996 2204 1031 2259; x_wconf 89' lang='lat' dir='ltr'>ad</span> <span class='ocrx_word' id='word_1_99' title='bbox 1048 2187 1255 2276; x_wconf 82' lang='lat' dir='ltr'>comparendum</span> 
     </span>
     <span class='ocr_line' id='line_1_17' title="bbox 368 2311 1255 2390; baseline 0.011 -25"><span class='ocrx_word' id='word_1_100' title='bbox 368 2327 459 2367; x_wconf 85' lang='lat' dir='ltr'>coram</span> <span class='ocrx_word' id='word_1_101' title='bbox 477 2311 633 2382; x_wconf 87' lang='lat' dir='ltr'>ordinariis,</span> <span class='ocrx_word' id='word_1_102' title='bbox 651 2312 846 2369; x_wconf 87' lang='lat' dir='ltr'>archidiaconis</span> <span class='ocrx_word' id='word_1_103' title='bbox 868 2321 915 2369; x_wconf 88' lang='lat' dir='ltr'>aut</span> <span class='ocrx_word' id='word_1_104' title='bbox 933 2315 1088 2373; x_wconf 88' lang='lat' dir='ltr'>officialibus</span> <span class='ocrx_word' id='word_1_105' title='bbox 1106 2320 1255 2390; x_wconf 80' lang='lat' dir='ltr'>antedictis,</span> 
     </span>
     <span class='ocr_line' id='line_1_18' title="bbox 367 2424 1254 2514; baseline 0.012 -37"><span class='ocrx_word' id='word_1_106' title='bbox 367 2429 395 2477; x_wconf 91' lang='lat' dir='ltr'>et</span> <span class='ocrx_word' id='word_1_107' title='bbox 410 2431 557 2493; x_wconf 86' lang='lat' dir='ltr'>propterea</span> <span class='ocrx_word' id='word_1_108' title='bbox 573 2425 690 2480; x_wconf 86' lang='lat' dir='ltr'>enormia</span> <span class='ocrx_word' id='word_1_109' title='bbox 707 2424 834 2480; x_wconf 86' lang='lat' dir='ltr'>scandala</span> <span class='ocrx_word' id='word_1_110' title='bbox 851 2427 935 2514; x_wconf 77' lang='lat' dir='ltr'>eciam</span> <span class='ocrx_word' id='word_1_111' title='bbox 952 2429 1073 2483; x_wconf 88' lang='lat' dir='ltr'>muliebri</span> <span class='ocrx_word' id='word_1_112' title='bbox 1091 2432 1167 2486; x_wconf 83' lang='lat' dir='ltr'>sexui</span> <span class='ocrx_word' id='word_1_113' title='bbox 1185 2431 1254 2500; x_wconf 89' lang='lat' dir='ltr'>ejus·</span> 
     </span>
     <span class='ocr_line' id='line_1_19' title="bbox 368 2535 1254 2606; baseline 0.011 -17"><span class='ocrx_word' id='word_1_114' title='bbox 368 2535 428 2589; x_wconf 92' lang='lat' dir='ltr'>dem</span> <span class='ocrx_word' id='word_1_115' title='bbox 446 2536 526 2606; x_wconf 87' lang='lat' dir='ltr'>opidi,</span> <span class='ocrx_word' id='word_1_116' title='bbox 545 2551 576 2590; x_wconf 89' lang='lat' dir='ltr'>ac</span> <span class='ocrx_word' id='word_1_117' title='bbox 594 2536 693 2591; x_wconf 86' lang='lat' dir='ltr'>eisdem</span> <span class='ocrx_word' id='word_1_118' title='bbox 713 2538 918 2606; x_wconf 85' lang='lat' dir='ltr'>proconsulibus</span> <span class='ocrx_word' id='word_1_119' title='bbox 937 2545 964 2595; x_wconf 90' lang='lat' dir='ltr'>et</span> <span class='ocrx_word' id='word_1_120' title='bbox 981 2541 1134 2596; x_wconf 85' lang='lat' dir='ltr'>consulibus</span> <span class='ocrx_word' id='word_1_121' title='bbox 1153 2549 1180 2597; x_wconf 91' lang='lat' dir='ltr'>et</span> <span class='ocrx_word' id='word_1_122' title='bbox 1197 2545 1254 2598; x_wconf 90' lang='lat' dir='ltr'>uni·</span> 
     </span>
     <span class='ocr_line' id='line_1_20' title="bbox 366 2648 1254 2722; baseline 0.009 -20"><span class='ocrx_word' id='word_1_123' title='bbox 366 2648 487 2703; x_wconf 86' lang='lat' dir='ltr'>versitati</span> <span class='ocrx_word' id='word_1_124' title='bbox 504 2663 536 2702; x_wconf 91' lang='lat' dir='ltr'>ac</span> <span class='ocrx_word' id='word_1_125' title='bbox 557 2648 680 2718; x_wconf 87' lang='lat' dir='ltr'>personis</span> <span class='ocrx_word' id='word_1_126' title='bbox 705 2649 810 2703; x_wconf 89' lang='lat' dir='ltr'>inutile&#39;s</span> <span class='ocrx_word' id='word_1_127' title='bbox 827 2665 945 2719; x_wconf 85' lang='lat' dir='ltr'>expense</span> <span class='ocrx_word' id='word_1_128' title='bbox 969 2658 997 2706; x_wconf 89' lang='lat' dir='ltr'>et</span> <span class='ocrx_word' id='word_1_129' title='bbox 1019 2652 1134 2722; x_wconf 82' lang='lat' dir='ltr'>dampna</span> <span class='ocrx_word' id='word_1_130' title='bbox 1150 2655 1254 2710; x_wconf 86' lang='lat' dir='ltr'>intolle-</span> 
     </span>
     <span class='ocr_line' id='line_1_21' title="bbox 367 2759 1254 2832; baseline 0.009 -18"><span class='ocrx_word' id='word_1_131' title='bbox 367 2760 462 2814; x_wconf 81' lang='lat' dir='ltr'>rabilis</span> <span class='ocrx_word' id='word_1_132' title='bbox 483 2760 653 2829; x_wconf 84' lang='lat' dir='ltr'>frequencius</span> <span class='ocrx_word' id='word_1_133' title='bbox 677 2761 921 2832; x_wconf 76' lang='lat' dir='ltr'>subsequebantur,</span> <span class='ocrx_word' id='word_1_134' title='bbox 939 2759 1009 2830; x_wconf 81' lang='lat' dir='ltr'>[ac]¹</span> <span class='ocrx_word' id='word_1_135' title='bbox 1027 2766 1155 2826; x_wconf 90' lang='lat' dir='ltr'>nonnulla</span> <span class='ocrx_word' id='word_1_136' title='bbox 1171 2767 1254 2822; x_wconf 90' lang='lat' dir='ltr'>homi·</span> 
     </span>
     <span class='ocr_line' id='line_1_22' title="bbox 325 2871 1254 2962; baseline 0.008 -36"><span class='ocrx_word' id='word_1_137' title='bbox 325 2952 330 2962; x_wconf 95' lang='lat'><em>.</em></span> <span class='ocrx_word' id='word_1_138' title='bbox 367 2871 437 2926; x_wconf 79' lang='lat' dir='ltr'>sidia</span> <span class='ocrx_word' id='word_1_139' title='bbox 458 2872 660 2950; x_wconf 81' lang='lat' dir='ltr'>premissorum¹</span> <span class='ocrx_word' id='word_1_140' title='bbox 673 2872 812 2926; x_wconf 85' lang='lat' dir='ltr'>occasione</span> <span class='ocrx_word' id='word_1_141' title='bbox 835 2873 994 2943; x_wconf 89' lang='lat' dir='ltr'>quandoque</span> <span class='ocrx_word' id='word_1_142' title='bbox 1018 2885 1174 2946; x_wconf 80' lang='lat' dir='ltr'>perpetrata</span> <span class='ocrx_word' id='word_1_143' title='bbox 1198 2877 1254 2934; x_wconf 89' lang='lat' dir='ltr'>fue-</span> 
     </span>
    </p>
   </div>
   <div class='ocr_carea' id='block_1_3' title="bbox 1307 619 2276 2954">
    <p class='ocr_par' dir='ltr' id='par_1_3' title="bbox 1307 619 2276 2954">
     <span class='ocr_line' id='line_1_23' title="bbox 1310 619 2187 708; baseline 0.01 -21"><span class='ocrx_word' id='word_1_144' title='bbox 1310 645 1383 688; x_wconf 89' lang='lat' dir='ltr'>rum</span> <span class='ocrx_word' id='word_1_145' title='bbox 1417 625 1563 708; x_wconf 86' lang='lat' dir='ltr'>ipsorum</span> <span class='ocrx_word' id='word_1_146' title='bbox 1591 619 1892 692; x_wconf 82' lang='lat' dir='ltr'>archidiaconorum</span> <span class='ocrx_word' id='word_1_147' title='bbox 1920 630 1954 690; x_wconf 87' lang='lat' dir='ltr'>et</span> <span class='ocrx_word' id='word_1_148' title='bbox 1983 624 2187 708; x_wconf 84' lang='lat' dir='ltr'>capitulorum</span> 
     </span>
     <span class='ocr_line' id='line_1_24' title="bbox 1310 735 2221 822; baseline 0.007 -22"><span class='ocrx_word' id='word_1_149' title='bbox 1310 755 1438 801; x_wconf 89' lang='lat' dir='ltr'>necnon</span> <span class='ocrx_word' id='word_1_150' title='bbox 1462 736 1540 801; x_wconf 90' lang='lat' dir='ltr'>cleri</span> <span class='ocrx_word' id='word_1_151' title='bbox 1562 737 1728 802; x_wconf 88' lang='lat' dir='ltr'>civitatum</span> <span class='ocrx_word' id='word_1_152' title='bbox 1747 742 1780 803; x_wconf 92' lang='lat' dir='ltr'>et</span> <span class='ocrx_word' id='word_1_153' title='bbox 1806 738 1888 802; x_wconf 91' lang='lat' dir='ltr'>dioc.</span> <span class='ocrx_word' id='word_1_154' title='bbox 1912 735 2188 806; x_wconf 85' lang='lat' dir='ltr'>Helberstadensis</span> <span class='ocrx_word' id='word_1_155' title='bbox 2215 805 2221 822; x_wconf 64' lang='lat'>,</span> 
     </span>
     <span class='ocr_line' id='line_1_25' title="bbox 1312 847 2188 934; baseline 0.008 -24"><span class='ocrx_word' id='word_1_156' title='bbox 1312 855 1346 911; x_wconf 89' lang='lat' dir='ltr'>et</span> <span class='ocrx_word' id='word_1_157' title='bbox 1375 847 1627 924; x_wconf 85' lang='lat' dir='ltr'>Hildesemensis</span> <span class='ocrx_word' id='word_1_158' title='bbox 1654 848 1772 914; x_wconf 88' lang='lat' dir='ltr'>cedere</span> <span class='ocrx_word' id='word_1_159' title='bbox 1802 848 2013 915; x_wconf 87' lang='lat' dir='ltr'>noscebatur:</span> <span class='ocrx_word' id='word_1_160' title='bbox 2046 870 2104 914; x_wconf 88' lang='lat' dir='ltr'>nos</span> <span class='ocrx_word' id='word_1_161' title='bbox 2135 873 2188 934; x_wconf 89' lang='lat' dir='ltr'>per</span> 
     </span>
     <span class='ocr_line' id='line_1_26' title="bbox 1310 959 2188 1027; baseline 0.003 -3"><span class='ocrx_word' id='word_1_162' title='bbox 1310 959 1391 1024; x_wconf 88' lang='lat' dir='ltr'>alias</span> <span class='ocrx_word' id='word_1_163' title='bbox 1415 966 1545 1026; x_wconf 89' lang='lat' dir='ltr'>nostras</span> <span class='ocrx_word' id='word_1_164' title='bbox 1568 960 1681 1025; x_wconf 89' lang='lat' dir='ltr'>literas</span> <span class='ocrx_word' id='word_1_165' title='bbox 1704 981 1744 1025; x_wconf 89' lang='lat' dir='ltr'>ex</span> <span class='ocrx_word' id='word_1_166' title='bbox 1763 962 1860 1026; x_wconf 89' lang='lat' dir='ltr'>certis</span> <span class='ocrx_word' id='word_1_167' title='bbox 1879 962 1986 1026; x_wconf 86' lang='lat' dir='ltr'>causis</span> <span class='ocrx_word' id='word_1_168' title='bbox 2009 965 2085 1026; x_wconf 88' lang='lat' dir='ltr'>tunc</span> <span class='ocrx_word' id='word_1_169' title='bbox 2102 962 2143 1026; x_wconf 90' lang='lat' dir='ltr'>ad</span> <span class='ocrx_word' id='word_1_170' title='bbox 2157 962 2188 1027; x_wconf 92' lang='lat' dir='ltr'>id</span> 
     </span>
     <span class='ocr_line' id='line_1_27' title="bbox 1310 1053 2276 1158; baseline 0.005 -24"><span class='ocrx_word' id='word_1_171' title='bbox 1310 1077 1458 1136; x_wconf 88' lang='lat' dir='ltr'>nostrum</span> <span class='ocrx_word' id='word_1_172' title='bbox 1486 1061 1713 1138; x_wconf 76' lang='lat' dir='ltr'>inducentibus</span> <span class='ocrx_word' id='word_1_173' title='bbox 1737 1073 1878 1138; x_wconf 92' lang='lat' dir='ltr'>animum</span> <span class='ocrx_word' id='word_1_174' title='bbox 1903 1053 2063 1138; x_wconf 88' lang='lat' dir='ltr'>indultum</span> <span class='ocrx_word' id='word_1_175' title='bbox 2085 1071 2188 1158; x_wconf 87' lang='lat' dir='ltr'>hujus·</span> <span class='ocrx_word' id='word_1_176' title='bbox 2271 1132 2276 1156; x_wconf 78' lang='lat'>,</span> 
     </span>
     <span class='ocr_line' id='line_1_28' title="bbox 1309 1171 2190 1270; baseline 0.006 -24"><span class='ocrx_word' id='word_1_177' title='bbox 1309 1182 1398 1248; x_wconf 91' lang='lat' dir='ltr'>modi</span> <span class='ocrx_word' id='word_1_178' title='bbox 1420 1189 1453 1248; x_wconf 91' lang='lat' dir='ltr'>et</span> <span class='ocrx_word' id='word_1_179' title='bbox 1471 1205 1660 1268; x_wconf 83' lang='lat' dir='ltr'>quecunque</span> <span class='ocrx_word' id='word_1_180' title='bbox 1678 1183 1754 1250; x_wconf 89' lang='lat' dir='ltr'>inde</span> <span class='ocrx_word' id='word_1_181' title='bbox 1773 1189 1887 1250; x_wconf 89' lang='lat' dir='ltr'>secuta</span> <span class='ocrx_word' id='word_1_182' title='bbox 1904 1171 2190 1270; x_wconf 70' lang='lat' dir='ltr'>auctoritate&#39;apo·</span> 
     </span>
     <span class='ocr_line' id='line_1_29' title="bbox 1310 1293 2189 1390; baseline 0.005 -32"><span class='ocrx_word' id='word_1_183' title='bbox 1310 1293 1428 1360; x_wconf 89' lang='lat' dir='ltr'>stoiica</span> <span class='ocrx_word' id='word_1_184' title='bbox 1454 1296 1685 1374; x_wconf 85' lang='lat' dir='ltr'>revocavimus,</span> <span class='ocrx_word' id='word_1_185' title='bbox 1715 1297 1912 1362; x_wconf 80' lang='lat' dir='ltr'>cassavimus</span> <span class='ocrx_word' id='word_1_186' title='bbox 1935 1300 1970 1390; x_wconf 84' lang='lat' dir='ltr'>et</span> <span class='ocrx_word' id='word_1_187' title='bbox 1992 1297 2189 1379; x_wconf 77' lang='lat' dir='ltr'>irritavimus,</span> 
     </span>
     <span class='ocr_line' id='line_1_30' title="bbox 1311 1407 2188 1488; baseline 0.002 -17"><span class='ocrx_word' id='word_1_188' title='bbox 1311 1425 1351 1471; x_wconf 89' lang='lat' dir='ltr'>ac</span> <span class='ocrx_word' id='word_1_189' title='bbox 1378 1407 1497 1472; x_wconf 91' lang='lat' dir='ltr'>nullius</span> <span class='ocrx_word' id='word_1_190' title='bbox 1528 1427 1600 1472; x_wconf 91' lang='lat' dir='ltr'>esse</span> <span class='ocrx_word' id='word_1_191' title='bbox 1622 1408 1781 1473; x_wconf 89' lang='lat' dir='ltr'>voluimus</span> <span class='ocrx_word' id='word_1_192' title='bbox 1805 1409 1933 1473; x_wconf 92' lang='lat' dir='ltr'>roboris</span> <span class='ocrx_word' id='word_1_193' title='bbox 1959 1407 2009 1473; x_wconf 89' lang='lat' dir='ltr'>vel</span> <span class='ocrx_word' id='word_1_194' title='bbox 2033 1413 2188 1488; x_wconf 90' lang='lat' dir='ltr'>momenti,</span> 
     </span>
     <span class='ocr_line' id='line_1_31' title="bbox 1308 1517 2191 1604; baseline 0.008 -23"><span class='ocrx_word' id='word_1_195' title='bbox 1308 1523 1408 1601; x_wconf 89' lang='lat' dir='ltr'>prout</span> <span class='ocrx_word' id='word_1_196' title='bbox 1419 1519 1453 1582; x_wconf 94' lang='lat' dir='ltr'>in</span> <span class='ocrx_word' id='word_1_197' title='bbox 1467 1517 1622 1601; x_wconf 73' lang='lat' dir='ltr'>predictis</span> <span class='ocrx_word' id='word_1_198' title='bbox 1634 1519 1753 1584; x_wconf 88' lang='lat' dir='ltr'>litteris</span> <span class='ocrx_word' id='word_1_199' title='bbox 1763 1520 1890 1604; x_wconf 90' lang='lat' dir='ltr'>plenius</span> <span class='ocrx_word' id='word_1_200' title='bbox 1903 1521 2097 1586; x_wconf 80' lang='lat' dir='ltr'>continetur.</span> <span class='ocrx_word' id='word_1_201' title='bbox 2116 1520 2191 1588; x_wconf 79' lang='lat' dir='ltr'>Cum</span> 
     </span>
     <span class='ocr_line' id='line_1_32' title="bbox 1309 1629 2191 1724; baseline 0.006 -30"><span class='ocrx_word' id='word_1_202' title='bbox 1309 1635 1428 1709; x_wconf 88' lang='lat' dir='ltr'>autem,</span> <span class='ocrx_word' id='word_1_203' title='bbox 1447 1629 1538 1695; x_wconf 88' lang='lat' dir='ltr'>sicud</span> <span class='ocrx_word' id='word_1_204' title='bbox 1557 1631 1702 1724; x_wconf 61' lang='lat' dir='ltr'>ephibita</span> <span class='ocrx_word' id='word_1_205' title='bbox 1718 1631 1813 1720; x_wconf 81' lang='lat' dir='ltr'>nobis</span> <span class='ocrx_word' id='word_1_206' title='bbox 1822 1651 1927 1715; x_wconf 90' lang='lat' dir='ltr'>nuper</span> <span class='ocrx_word' id='word_1_207' title='bbox 1944 1653 2003 1716; x_wconf 93' lang='lat' dir='ltr'>pro</span> <span class='ocrx_word' id='word_1_208' title='bbox 2017 1637 2111 1716; x_wconf 89' lang='lat' dir='ltr'>parte</span> <span class='ocrx_word' id='word_1_209' title='bbox 2120 1649 2191 1716; x_wconf 85' lang='lat' dir='ltr'>pro·</span> 
     </span>
     <span class='ocr_line' id='line_1_33' title="bbox 1309 1735 2191 1826; baseline 0.003 -20"><span class='ocrx_word' id='word_1_210' title='bbox 1309 1735 1486 1821; x_wconf 77' lang='lat' dir='ltr'>consulu&#39;m,</span> <span class='ocrx_word' id='word_1_211' title='bbox 1506 1742 1674 1810; x_wconf 81' lang='lat' dir='ltr'>consulum</span> <span class='ocrx_word' id='word_1_212' title='bbox 1691 1746 1726 1807; x_wconf 90' lang='lat' dir='ltr'>et</span> <span class='ocrx_word' id='word_1_213' title='bbox 1743 1744 1964 1810; x_wconf 88' lang='lat' dir='ltr'>universitatis</span> <span class='ocrx_word' id='word_1_214' title='bbox 1984 1745 2103 1826; x_wconf 89' lang='lat' dir='ltr'>peticio</span> <span class='ocrx_word' id='word_1_215' title='bbox 2121 1765 2191 1810; x_wconf 63' lang='lat' dir='ltr'>oon»</span> 
     </span>
     <span class='ocr_line' id='line_1_34' title="bbox 1308 1847 2190 1939; baseline 0.006 -22"><span class='ocrx_word' id='word_1_216' title='bbox 1308 1853 1449 1932; x_wconf 89' lang='lat' dir='ltr'>tinebat,</span> <span class='ocrx_word' id='word_1_217' title='bbox 1472 1874 1533 1936; x_wconf 91' lang='lat' dir='ltr'>pro</span> <span class='ocrx_word' id='word_1_218' title='bbox 1553 1875 1590 1920; x_wconf 91' lang='lat' dir='ltr'>eo</span> <span class='ocrx_word' id='word_1_219' title='bbox 1611 1853 1698 1937; x_wconf 90' lang='lat' dir='ltr'>quod</span> <span class='ocrx_word' id='word_1_220' title='bbox 1715 1856 1897 1939; x_wconf 86' lang='lat' dir='ltr'>predictum</span> <span class='ocrx_word' id='word_1_221' title='bbox 1916 1847 2050 1939; x_wconf 92' lang='lat' dir='ltr'>opidum</span> <span class='ocrx_word' id='word_1_222' title='bbox 2068 1855 2108 1922; x_wconf 94' lang='lat' dir='ltr'>ab</span> <span class='ocrx_word' id='word_1_223' title='bbox 2130 1857 2190 1922; x_wconf 90' lang='lat' dir='ltr'>Hil-</span> 
     </span>
     <span class='ocr_line' id='line_1_35' title="bbox 1309 1951 2192 2049; baseline 0.002 -19"><span class='ocrx_word' id='word_1_224' title='bbox 1309 1964 1489 2044; x_wconf 87' lang='lat' dir='ltr'>desemensi</span> <span class='ocrx_word' id='word_1_225' title='bbox 1513 1966 1580 2031; x_wconf 86' lang='lat' dir='ltr'>iere</span> <span class='ocrx_word' id='word_1_226' title='bbox 1603 1953 1783 2049; x_wconf 78' lang='lat' dir='ltr'>perusiam</span> <span class='ocrx_word' id='word_1_227' title='bbox 1806 1972 1841 2032; x_wconf 89' lang='lat' dir='ltr'>et</span> <span class='ocrx_word' id='word_1_228' title='bbox 1864 1968 1905 2033; x_wconf 89' lang='lat' dir='ltr'>ab</span> <span class='ocrx_word' id='word_1_229' title='bbox 1929 1951 2192 2034; x_wconf 86' lang='lat' dir='ltr'>Helberstadensi</span> 
     </span>
     <span class='ocr_line' id='line_1_36' title="bbox 1310 2077 2194 2163; baseline 0.006 -22"><span class='ocrx_word' id='word_1_230' title='bbox 1310 2077 1495 2143; x_wconf 88' lang='lat' dir='ltr'>civitatibus</span> <span class='ocrx_word' id='word_1_231' title='bbox 1512 2077 1676 2160; x_wconf 85' lang='lat' dir='ltr'>predictis,</span> <span class='ocrx_word' id='word_1_232' title='bbox 1694 2079 1727 2143; x_wconf 94' lang='lat' dir='ltr'>in</span> <span class='ocrx_word' id='word_1_233' title='bbox 1743 2079 1860 2163; x_wconf 91' lang='lat' dir='ltr'>quibus</span> <span class='ocrx_word' id='word_1_234' title='bbox 1872 2079 1951 2158; x_wconf 80' lang='lat' dir='ltr'>dicti</span> <span class='ocrx_word' id='word_1_235' title='bbox 1967 2079 2130 2161; x_wconf 88' lang='lat' dir='ltr'>ordinarii,</span> <span class='ocrx_word' id='word_1_236' title='bbox 2148 2101 2194 2146; x_wconf 89' lang='lat' dir='ltr'>ar·</span> 
     </span>
     <span class='ocr_line' id='line_1_37' title="bbox 1310 2189 2194 2273; baseline 0.003 -20"><span class='ocrx_word' id='word_1_237' title='bbox 1310 2189 1488 2254; x_wconf 90' lang='lat' dir='ltr'>chidiaconi</span> <span class='ocrx_word' id='word_1_238' title='bbox 1508 2196 1541 2254; x_wconf 89' lang='lat' dir='ltr'>et</span> <span class='ocrx_word' id='word_1_239' title='bbox 1559 2189 1709 2256; x_wconf 88' lang='lat' dir='ltr'>officiales</span> <span class='ocrx_word' id='word_1_240' title='bbox 1728 2199 1819 2255; x_wconf 86' lang='lat' dir='ltr'>suain</span> <span class='ocrx_word' id='word_1_241' title='bbox 1833 2190 2095 2273; x_wconf 84' lang='lat' dir='ltr'>jurisdictionem</span> <span class='ocrx_word' id='word_1_242' title='bbox 2111 2213 2194 2258; x_wconf 82' lang='lat' dir='ltr'>erer-</span> 
     </span>
     <span class='ocr_line' id='line_1_38' title="bbox 1309 2301 2194 2387; baseline 0.002 -21"><span class='ocrx_word' id='word_1_243' title='bbox 1309 2305 1385 2366; x_wconf 89' lang='lat' dir='ltr'>cent</span> <span class='ocrx_word' id='word_1_244' title='bbox 1408 2317 1466 2366; x_wconf 87' lang='lat' dir='ltr'>seu</span> <span class='ocrx_word' id='word_1_245' title='bbox 1489 2323 1549 2374; x_wconf 85' lang='lat' dir='ltr'>sna</span> <span class='ocrx_word' id='word_1_246' title='bbox 1571 2301 1747 2368; x_wconf 87' lang='lat' dir='ltr'>tribunalia</span> <span class='ocrx_word' id='word_1_247' title='bbox 1771 2307 1885 2368; x_wconf 85' lang='lat' dir='ltr'>tenent</span> <span class='ocrx_word' id='word_1_248' title='bbox 1901 2324 1962 2386; x_wconf 89' lang='lat' dir='ltr'>pro</span> <span class='ocrx_word' id='word_1_249' title='bbox 1980 2309 2142 2387; x_wconf 88' lang='lat' dir='ltr'>tempore,</span> <span class='ocrx_word' id='word_1_250' title='bbox 2163 2310 2194 2369; x_wconf 89' lang='lat' dir='ltr'>et</span> 
     </span>
     <span class='ocr_line' id='line_1_39' title="bbox 1309 2412 2191 2500; baseline 0.005 -24"><span class='ocrx_word' id='word_1_251' title='bbox 1309 2412 1352 2476; x_wconf 90' lang='lat' dir='ltr'>ad</span> <span class='ocrx_word' id='word_1_252' title='bbox 1375 2435 1457 2496; x_wconf 90' lang='lat' dir='ltr'>quas</span> <span class='ocrx_word' id='word_1_253' title='bbox 1480 2412 1610 2497; x_wconf 91' lang='lat' dir='ltr'>quidem</span> <span class='ocrx_word' id='word_1_254' title='bbox 1634 2413 1782 2480; x_wconf 87' lang='lat' dir='ltr'>civitates</span> <span class='ocrx_word' id='word_1_255' title='bbox 1810 2415 1948 2499; x_wconf 89' lang='lat' dir='ltr'>predicti</span> <span class='ocrx_word' id='word_1_256' title='bbox 1975 2417 2191 2500; x_wconf 89' lang='lat' dir='ltr'>proconsules,</span> 
     </span>
     <span class='ocr_line' id='line_1_40' title="bbox 1310 2501 2193 2610; baseline 0.003 -21"><span class='ocrx_word' id='word_1_257' title='bbox 1310 2525 1460 2590; x_wconf 87' lang='lat' dir='ltr'>consules</span> <span class='ocrx_word' id='word_1_258' title='bbox 1484 2531 1517 2590; x_wconf 83' lang='lat' dir='ltr'>et</span> <span class='ocrx_word' id='word_1_259' title='bbox 1540 2545 1678 2609; x_wconf 88' lang='lat' dir='ltr'>persone</span> <span class='ocrx_word' id='word_1_260' title='bbox 1702 2501 1979 2610; x_wconf 71' lang='lat' dir='ltr'>perordinante,</span> <span class='ocrx_word' id='word_1_261' title='bbox 1999 2527 2193 2594; x_wconf 75' lang='lat' dir='ltr'>amhididco·</span> 
     </span>
     <span class='ocr_line' id='line_1_41' title="bbox 1307 2637 2191 2724; baseline 0.006 -25"><span class='ocrx_word' id='word_1_262' title='bbox 1307 2656 1367 2700; x_wconf 90' lang='lat' dir='ltr'>nos</span> <span class='ocrx_word' id='word_1_263' title='bbox 1386 2643 1444 2701; x_wconf 88' lang='lat' dir='ltr'>aut</span> <span class='ocrx_word' id='word_1_264' title='bbox 1463 2637 1612 2703; x_wconf 89' lang='lat' dir='ltr'>officiales</span> <span class='ocrx_word' id='word_1_265' title='bbox 1630 2640 1718 2722; x_wconf 90' lang='lat' dir='ltr'>ipsos</span> <span class='ocrx_word' id='word_1_266' title='bbox 1737 2639 1770 2703; x_wconf 92' lang='lat' dir='ltr'>iu</span> <span class='ocrx_word' id='word_1_267' title='bbox 1782 2639 1913 2706; x_wconf 90' lang='lat' dir='ltr'>casibus</span> <span class='ocrx_word' id='word_1_268' title='bbox 1927 2657 1984 2704; x_wconf 92' lang='lat' dir='ltr'>seu</span> <span class='ocrx_word' id='word_1_269' title='bbox 1997 2641 2105 2705; x_wconf 87' lang='lat' dir='ltr'>causis</span> <span class='ocrx_word' id='word_1_270' title='bbox 2120 2660 2191 2724; x_wconf 92' lang='lat' dir='ltr'>quo-</span> 
     </span>
     <span class='ocr_line' id='line_1_42' title="bbox 1310 2743 2194 2854; baseline 0.001 -41"><span class='ocrx_word' id='word_1_271' title='bbox 1310 2770 1382 2813; x_wconf 92' lang='lat' dir='ltr'>rum</span> <span class='ocrx_word' id='word_1_272' title='bbox 1401 2751 1546 2832; x_wconf 80' lang='lat' dir='ltr'>cognicio</span> <span class='ocrx_word' id='word_1_273' title='bbox 1565 2749 1605 2814; x_wconf 93' lang='lat' dir='ltr'>de</span> <span class='ocrx_word' id='word_1_274' title='bbox 1621 2751 1854 2854; x_wconf 71' lang='lat' dir='ltr'>consuetudins</span> <span class='ocrx_word' id='word_1_275' title='bbox 1866 2750 1917 2816; x_wconf 89' lang='lat' dir='ltr'>vel</span> <span class='ocrx_word' id='word_1_276' title='bbox 1936 2743 2068 2835; x_wconf 88' lang='lat' dir='ltr'>dejure</span> <span class='ocrx_word' id='word_1_277' title='bbox 2085 2751 2127 2817; x_wconf 92' lang='lat' dir='ltr'>ad</span> <span class='ocrx_word' id='word_1_278' title='bbox 2143 2770 2194 2815; x_wconf 88' lang='lat' dir='ltr'>eos</span> 
     </span>
     <span class='ocr_line' id='line_1_43' title="bbox 1309 2847 2196 2954; baseline 0.001 -29"><span class='ocrx_word' id='word_1_279' title='bbox 1309 2847 1522 2926; x_wconf 86' lang='lat' dir='ltr'>communiter</span> <span class='ocrx_word' id='word_1_280' title='bbox 1539 2862 1589 2926; x_wconf 82' lang='lat' dir='ltr'>rel</span> <span class='ocrx_word' id='word_1_281' title='bbox 1607 2862 1731 2927; x_wconf 90' lang='lat' dir='ltr'>divisim</span> <span class='ocrx_word' id='word_1_282' title='bbox 1743 2863 1894 2954; x_wconf 85' lang='lat' dir='ltr'>pertinet,</span> <span class='ocrx_word' id='word_1_283' title='bbox 1912 2882 1971 2946; x_wconf 93' lang='lat' dir='ltr'>pro</span> <span class='ocrx_word' id='word_1_284' title='bbox 1992 2867 2140 2946; x_wconf 90' lang='lat' dir='ltr'>tempore</span> <span class='ocrx_word' id='word_1_285' title='bbox 2156 2862 2196 2928; x_wconf 87' lang='lat' dir='ltr'>ad</span> 
     </span>
    </p>
   </div>
   <div class='ocr_carea' id='block_1_4' title="bbox 306 2971 2270 5409">
    <p class='ocr_par' dir='ltr' id='par_1_4' title="bbox 306 2971 2270 5409">
     <span class='ocr_line' id='line_1_44' title="bbox 369 2971 2194 3064; baseline 0.002 -28"><span class='ocrx_word' id='word_1_286' title='bbox 369 2984 452 3037; x_wconf 68' lang='lat' dir='ltr'>rante</span> <span class='ocrx_word' id='word_1_287' title='bbox 472 2991 532 3037; x_wconf 88' lang='lat' dir='ltr'>nos</span> <span class='ocrx_word' id='word_1_288' title='bbox 564 2972 685 3037; x_wconf 92' lang='lat' dir='ltr'>eisdem</span> <span class='ocrx_word' id='word_1_289' title='bbox 713 2974 976 3056; x_wconf 79' lang='lat' dir='ltr'>proconsulibus,</span> <span class='ocrx_word' id='word_1_290' title='bbox 1008 2975 1209 3064; x_wconf 79' lang='lat' dir='ltr'>consulibus</span> <span class='ocrx_word' id='word_1_291' title='bbox 1224 2985 1257 3046; x_wconf 91' lang='lat' dir='ltr'>et</span> <span class='ocrx_word' id='word_1_292' title='bbox 1310 2971 1468 3056; x_wconf 89' lang='lat' dir='ltr'>judicium</span> <span class='ocrx_word' id='word_1_293' title='bbox 1493 2979 1684 3054; x_wconf 86' lang='lat' dir='ltr'>evocantur,</span> <span class='ocrx_word' id='word_1_294' title='bbox 1711 2971 1801 3039; x_wconf 85' lang='lat' dir='ltr'>ultra</span> <span class='ocrx_word' id='word_1_295' title='bbox 1828 2995 1928 3040; x_wconf 88' lang='lat' dir='ltr'>unam</span> <span class='ocrx_word' id='word_1_296' title='bbox 1950 2975 2059 3041; x_wconf 88' lang='lat' dir='ltr'>dietas</span> <span class='ocrx_word' id='word_1_297' title='bbox 2081 2971 2194 3059; x_wconf 82' lang='lat' dir='ltr'>leg&#39;ales</span> 
     </span>
     <span class='ocr_line' id='line_1_45' title="bbox 369 3079 2200 3171; baseline 0.003 -23"><span class='ocrx_word' id='word_1_298' title='bbox 369 3083 573 3149; x_wconf 86' lang='lat' dir='ltr'>universitati</span> <span class='ocrx_word' id='word_1_299' title='bbox 594 3104 654 3169; x_wconf 89' lang='lat' dir='ltr'>per</span> <span class='ocrx_word' id='word_1_300' title='bbox 676 3090 806 3150; x_wconf 89' lang='lat' dir='ltr'>nostras</span> <span class='ocrx_word' id='word_1_301' title='bbox 831 3085 943 3152; x_wconf 87' lang='lat' dir='ltr'>literas</span> <span class='ocrx_word' id='word_1_302' title='bbox 969 3087 1118 3155; x_wconf 84' lang='lat' dir='ltr'>duximus</span> <span class='ocrx_word' id='word_1_303' title='bbox 1150 3091 1257 3158; x_wconf 89' lang='lat' dir='ltr'>indul·</span> <span class='ocrx_word' id='word_1_304' title='bbox 1310 3087 1438 3150; x_wconf 74' lang='lat' dir='ltr'>notorie</span> <span class='ocrx_word' id='word_1_305' title='bbox 1456 3085 1586 3164; x_wconf 83' lang='lat' dir='ltr'>distent,</span> <span class='ocrx_word' id='word_1_306' title='bbox 1606 3093 1639 3152; x_wconf 87' lang='lat' dir='ltr'>et</span> <span class='ocrx_word' id='word_1_307' title='bbox 1657 3079 1851 3170; x_wconf 83' lang='lat' dir='ltr'>quandoque</span> <span class='ocrx_word' id='word_1_308' title='bbox 1863 3087 2200 3171; x_wconf 87' lang='lat' dir='ltr'>contingattumpm-·</span> 
     </span>
     <span class='ocr_line' id='line_1_46' title="bbox 370 3194 2193 3294; baseline 0.002 -33"><span class='ocrx_word' id='word_1_309' title='bbox 370 3194 524 3278; x_wconf 84' lang='lat' dir='ltr'>gendum,</span> <span class='ocrx_word' id='word_1_310' title='bbox 542 3213 573 3260; x_wconf 90' lang='lat' dir='ltr'>ut</span> <span class='ocrx_word' id='word_1_311' title='bbox 596 3207 648 3276; x_wconf 86' lang='lat' dir='ltr'>ipsi</span> <span class='ocrx_word' id='word_1_312' title='bbox 671 3223 704 3262; x_wconf 89' lang='lat' dir='ltr'>ac</span> <span class='ocrx_word' id='word_1_313' title='bbox 721 3207 805 3262; x_wconf 85' lang='lat' dir='ltr'>eciam</span> <span class='ocrx_word' id='word_1_314' title='bbox 828 3225 943 3278; x_wconf 87' lang='lat' dir='ltr'>persone</span> <span class='ocrx_word' id='word_1_315' title='bbox 960 3212 987 3265; x_wconf 87' lang='lat' dir='ltr'>tn</span> <span class='ocrx_word' id='word_1_316' title='bbox 1005 3211 1076 3267; x_wconf 87' lang='lat' dir='ltr'>dieto</span> <span class='ocrx_word' id='word_1_317' title='bbox 1101 3214 1192 3294; x_wconf 80' lang='lat' dir='ltr'>ppido·</span> <span class='ocrx_word' id='word_1_318' title='bbox 1205 3231 1256 3285; x_wconf 71' lang='lat' dir='ltr'>pen</span> <span class='ocrx_word' id='word_1_319' title='bbox 1309 3200 1385 3280; x_wconf 88' lang='lat' dir='ltr'>pter</span> <span class='ocrx_word' id='word_1_320' title='bbox 1406 3196 1592 3280; x_wconf 86' lang='lat' dir='ltr'>hujusmodi</span> <span class='ocrx_word' id='word_1_321' title='bbox 1616 3197 1761 3264; x_wconf 88' lang='lat' dir='ltr'>locorum</span> <span class='ocrx_word' id='word_1_322' title='bbox 1786 3198 1979 3265; x_wconf 88' lang='lat' dir='ltr'>distanciam</span> <span class='ocrx_word' id='word_1_323' title='bbox 2005 3201 2193 3266; x_wconf 71' lang='lat' dir='ltr'>tumentem</span> 
     </span>
     <span class='ocr_line' id='line_1_47' title="bbox 306 3309 2194 3396; baseline 0.002 -25"><span class='ocrx_word' id='word_1_324' title='bbox 306 3315 310 3322; x_wconf 76' lang='grc'><em>’</em></span> <span class='ocrx_word' id='word_1_325' title='bbox 369 3325 489 3387; x_wconf 85' lang='lat' dir='ltr'>tempore</span> <span class='ocrx_word' id='word_1_326' title='bbox 509 3325 706 3374; x_wconf 80' lang='lat' dir='ltr'>commorantes</span> <span class='ocrx_word' id='word_1_327' title='bbox 729 3321 870 3388; x_wconf 83' lang='lat' dir='ltr'>nequirent</span> <span class='ocrx_word' id='word_1_328' title='bbox 892 3337 941 3390; x_wconf 87' lang='lat' dir='ltr'>per</span> <span class='ocrx_word' id='word_1_329' title='bbox 968 3323 1105 3378; x_wconf 84' lang='lat' dir='ltr'>literanm</span> <span class='ocrx_word' id='word_1_330' title='bbox 1129 3327 1256 3396; x_wconf 78' lang='lat' dir='ltr'>apostoli·</span> <span class='ocrx_word' id='word_1_331' title='bbox 1308 3312 1446 3391; x_wconf 83' lang='lat' dir='ltr'>propter</span> <span class='ocrx_word' id='word_1_332' title='bbox 1462 3309 1655 3375; x_wconf 90' lang='lat' dir='ltr'>indiscretas</span> <span class='ocrx_word' id='word_1_333' title='bbox 1674 3311 1849 3390; x_wconf 84' lang='lat' dir='ltr'>citationes</span> <span class='ocrx_word' id='word_1_334' title='bbox 1867 3314 1901 3375; x_wconf 84' lang='lat' dir='ltr'>et</span> <span class='ocrx_word' id='word_1_335' title='bbox 1916 3331 2101 3395; x_wconf 85' lang='lat' dir='ltr'>processus,</span> <span class='ocrx_word' id='word_1_336' title='bbox 2120 3323 2194 3396; x_wconf 83' lang='lat' dir='ltr'>quos</span> 
     </span>
     <span class='ocr_line' id='line_1_48' title="bbox 369 3419 2197 3508; baseline 0.002 -25"><span class='ocrx_word' id='word_1_337' title='bbox 369 3443 461 3484; x_wconf 84' lang='lat' dir='ltr'>earum</span> <span class='ocrx_word' id='word_1_338' title='bbox 479 3445 527 3484; x_wconf 85' lang='lat' dir='ltr'>seu</span> <span class='ocrx_word' id='word_1_339' title='bbox 548 3430 697 3499; x_wconf 87' lang='lat' dir='ltr'>legatorum</span> <span class='ocrx_word' id='word_1_340' title='bbox 715 3431 787 3487; x_wconf 81' lang='lat' dir='ltr'>sedis</span> <span class='ocrx_word' id='word_1_341' title='bbox 803 3433 949 3502; x_wconf 86' lang='lat' dir='ltr'>apostolice</span> <span class='ocrx_word' id='word_1_342' title='bbox 965 3435 1182 3507; x_wconf 78' lang='lat' dir='ltr'>impetratorum,</span> <span class='ocrx_word' id='word_1_343' title='bbox 1207 3455 1257 3508; x_wconf 71' lang='lat' dir='ltr'>per</span> <span class='ocrx_word' id='word_1_344' title='bbox 1311 3419 1436 3484; x_wconf 86' lang='lat' dir='ltr'>faciunt</span> <span class='ocrx_word' id='word_1_345' title='bbox 1453 3421 1610 3504; x_wconf 84' lang='lat' dir='ltr'>sepedicti</span> <span class='ocrx_word' id='word_1_346' title='bbox 1629 3421 1798 3503; x_wconf 88' lang='lat' dir='ltr'>ordinarii,</span> <span class='ocrx_word' id='word_1_347' title='bbox 1817 3422 2040 3488; x_wconf 88' lang='lat' dir='ltr'>archidiaconi</span> <span class='ocrx_word' id='word_1_348' title='bbox 2058 3444 2116 3488; x_wconf 90' lang='lat' dir='ltr'>seu</span> <span class='ocrx_word' id='word_1_349' title='bbox 2134 3421 2197 3487; x_wconf 60' lang='lat' dir='ltr'>offis</span> 
     </span>
     <span class='ocr_line' id='line_1_49' title="bbox 371 3529 2195 3624; baseline 0.011 -30"><span class='ocrx_word' id='word_1_350' title='bbox 371 3556 438 3608; x_wconf 90' lang='lat' dir='ltr'>quas</span> <span class='ocrx_word' id='word_1_351' title='bbox 455 3541 574 3596; x_wconf 89' lang='lat' dir='ltr'>nondum</span> <span class='ocrx_word' id='word_1_352' title='bbox 591 3541 626 3596; x_wconf 88' lang='lat' dir='ltr'>ad</span> <span class='ocrx_word' id='word_1_353' title='bbox 642 3544 797 3598; x_wconf 84' lang='lat' dir='ltr'>citationem</span> <span class='ocrx_word' id='word_1_354' title='bbox 805 3546 928 3614; x_wconf 87' lang='lat' dir='ltr'>parcium</span> <span class='ocrx_word' id='word_1_355' title='bbox 943 3553 1015 3601; x_wconf 89' lang='lat' dir='ltr'>esset</span> <span class='ocrx_word' id='word_1_356' title='bbox 1025 3563 1190 3620; x_wconf 86' lang='lat' dir='ltr'>processum,</span> <span class='ocrx_word' id='word_1_357' title='bbox 1209 3567 1257 3607; x_wconf 90' lang='lat' dir='ltr'>seu</span> <span class='ocrx_word' id='word_1_358' title='bbox 1311 3531 1408 3624; x_wconf 64' lang='lat' dir='ltr'>Ciaiefl</span> <span class='ocrx_word' id='word_1_359' title='bbox 1426 3553 1485 3616; x_wconf 68' lang='grc' dir='ltr'>ΡΓΟ</span> <span class='ocrx_word' id='word_1_360' title='bbox 1504 3529 1666 3616; x_wconf 60' lang='lat' dir='ltr'>impilm,</span> <span class='ocrx_word' id='word_1_361' title='bbox 1684 3533 1869 3619; x_wconf 72' lang='lat' dir='ltr'>huju⁸ffl⁰di</span> <span class='ocrx_word' id='word_1_362' title='bbox 1885 3535 2060 3600; x_wconf 64' lang='lat' dir='ltr'>h⁰mi⁰idi8</span> <span class='ocrx_word' id='word_1_363' title='bbox 2076 3554 2195 3602; x_wconf 69' lang='lat'>1¹⁰⁶¹¹⁰¹1</span> 
     </span>
     <span class='ocr_line' id='line_1_50' title="bbox 370 3645 2194 3733; baseline 0.002 -27"><span class='ocrx_word' id='word_1_364' title='bbox 370 3651 453 3706; x_wconf 80' lang='lat' dir='ltr'>eciam</span> <span class='ocrx_word' id='word_1_365' title='bbox 469 3653 704 3724; x_wconf 69' lang='lat' dir='ltr'>immundarum,</span> <span class='ocrx_word' id='word_1_366' title='bbox 722 3665 940 3726; x_wconf 77' lang='lat' dir='ltr'>quorumeunque</span> <span class='ocrx_word' id='word_1_367' title='bbox 964 3665 1088 3713; x_wconf 83' lang='lat' dir='ltr'>tenorum</span> <span class='ocrx_word' id='word_1_368' title='bbox 1104 3661 1256 3733; x_wconf 77' lang='lat' dir='ltr'>existerent,</span> <span class='ocrx_word' id='word_1_369' title='bbox 1311 3663 1480 3724; x_wconf 84' lang='lat' dir='ltr'>rancores,</span> <span class='ocrx_word' id='word_1_370' title='bbox 1504 3645 1660 3710; x_wconf 88' lang='lat' dir='ltr'>scandala</span> <span class='ocrx_word' id='word_1_371' title='bbox 1682 3647 1784 3712; x_wconf 90' lang='lat' dir='ltr'>eciam</span> <span class='ocrx_word' id='word_1_372' title='bbox 1802 3647 1947 3714; x_wconf 82' lang='lat' dir='ltr'>enormia</span> <span class='ocrx_word' id='word_1_373' title='bbox 1969 3647 2111 3731; x_wconf 90' lang='lat' dir='ltr'>plurima</span> <span class='ocrx_word' id='word_1_374' title='bbox 2134 3647 2194 3712; x_wconf 92' lang='lat' dir='ltr'>sint</span> 
     </span>
     <span class='ocr_line' id='line_1_51' title="bbox 367 3755 2196 3839; baseline 0.009 -23"><span class='ocrx_word' id='word_1_375' title='bbox 367 3779 422 3818; x_wconf 91' lang='lat' dir='ltr'>non</span> <span class='ocrx_word' id='word_1_376' title='bbox 447 3764 575 3820; x_wconf 80' lang='lat' dir='ltr'>iaciemes</span> <span class='ocrx_word' id='word_1_377' title='bbox 600 3767 705 3835; x_wconf 89' lang='lat' dir='ltr'>plenam</span> <span class='ocrx_word' id='word_1_378' title='bbox 724 3775 750 3822; x_wconf 90' lang='lat' dir='ltr'>et</span> <span class='ocrx_word' id='word_1_379' title='bbox 773 3783 927 3838; x_wconf 85' lang='lat' dir='ltr'>expressam</span> <span class='ocrx_word' id='word_1_380' title='bbox 946 3775 977 3824; x_wconf 87' lang='lat' dir='ltr'>et</span> <span class='ocrx_word' id='word_1_381' title='bbox 995 3770 1027 3826; x_wconf 90' lang='lat' dir='ltr'>de</span> <span class='ocrx_word' id='word_1_382' title='bbox 1045 3767 1127 3828; x_wconf 88' lang='lat' dir='ltr'>vorb&#39;o</span> <span class='ocrx_word' id='word_1_383' title='bbox 1146 3773 1181 3828; x_wconf 92' lang='lat' dir='ltr'>ad</span> <span class='ocrx_word' id='word_1_384' title='bbox 1199 3790 1255 3829; x_wconf 78' lang='lat' dir='ltr'>ter·</span> <span class='ocrx_word' id='word_1_385' title='bbox 1312 3755 1450 3820; x_wconf 66' lang='lat' dir='ltr'>0¹h01‘i8</span> <span class='ocrx_word' id='word_1_386' title='bbox 1478 3761 1512 3820; x_wconf 69' lang='lat' dir='ltr'>ei</span> <span class='ocrx_word' id='word_1_387' title='bbox 1539 3757 1760 3839; x_wconf 75' lang='lat' dir='ltr'>suscitentur,</span> <span class='ocrx_word' id='word_1_388' title='bbox 1779 3779 1818 3824; x_wconf 81' lang='lat' dir='ltr'>ac</span> <span class='ocrx_word' id='word_1_389' title='bbox 1841 3758 1935 3824; x_wconf 65' lang='lat' dir='ltr'>valde</span> <span class='ocrx_word' id='word_1_390' title='bbox 1949 3778 2134 3834; x_wconf 72' lang='grc'>,011010811111</span> <span class='ocrx_word' id='word_1_391' title='bbox 2155 3760 2196 3824; x_wconf 65' lang='lat' dir='ltr'>tii</span> 
     </span>
     <span class='ocr_line' id='line_1_52' title="bbox 367 3869 2195 3955; baseline 0.003 -27"><span class='ocrx_word' id='word_1_392' title='bbox 367 3875 430 3930; x_wconf 80' lang='lat' dir='ltr'>bam</span> <span class='ocrx_word' id='word_1_393' title='bbox 453 3876 486 3931; x_wconf 85' lang='lat' dir='ltr'>de</span> <span class='ocrx_word' id='word_1_394' title='bbox 503 3877 606 3933; x_wconf 82' lang='lat' dir='ltr'>mtutto</span> <span class='ocrx_word' id='word_1_395' title='bbox 623 3879 777 3947; x_wconf 72' lang='lat' dir='ltr'>hanrnndi</span> <span class='ocrx_word' id='word_1_396' title='bbox 793 3881 969 3952; x_wconf 75' lang='lat' dir='ltr'>mendenen,</span> <span class='ocrx_word' id='word_1_397' title='bbox 993 3898 1041 3937; x_wconf 66' lang='lat' dir='ltr'>nnn</span> <span class='ocrx_word' id='word_1_398' title='bbox 1066 3899 1156 3939; x_wconf 84' lang='lat' dir='ltr'>eamn</span> <span class='ocrx_word' id='word_1_399' title='bbox 1175 3879 1256 3954; x_wconf 61' lang='lat' dir='ltr'>[nepa</span> <span class='ocrx_word' id='word_1_400' title='bbox 1310 3869 1570 3951; x_wconf 88' lang='lat' dir='ltr'>proconsulibus,</span> <span class='ocrx_word' id='word_1_401' title='bbox 1588 3869 1784 3950; x_wconf 90' lang='lat' dir='ltr'>consulibus,</span> <span class='ocrx_word' id='word_1_402' title='bbox 1802 3871 2008 3947; x_wconf 80' lang='lat' dir='ltr'>universitati</span> <span class='ocrx_word' id='word_1_403' title='bbox 2031 3875 2065 3938; x_wconf 89' lang='lat' dir='ltr'>et</span> <span class='ocrx_word' id='word_1_404' title='bbox 2088 3889 2195 3955; x_wconf 88' lang='lat' dir='ltr'>perso·</span> 
     </span>
     <span class='ocr_line' id='line_1_53' title="bbox 320 3965 2194 4074; baseline 0.001 -32"><span class='ocrx_word' id='word_1_405' title='bbox 320 3965 329 3986; x_wconf 59' lang='lat'>⁸</span> <span class='ocrx_word' id='word_1_406' title='bbox 367 3986 576 4059; x_wconf 81' lang='lat' dir='ltr'>ordinariorum,</span> <span class='ocrx_word' id='word_1_407' title='bbox 594 3989 842 4047; x_wconf 78' lang='lat' dir='ltr'>arcmdiacancmm</span> <span class='ocrx_word' id='word_1_408' title='bbox 859 3998 907 4046; x_wconf 87' lang='lat' dir='ltr'>ant</span> <span class='ocrx_word' id='word_1_409' title='bbox 924 3992 1072 4048; x_wconf 83' lang='lat' dir='ltr'>officialium</span> <span class='ocrx_word' id='word_1_410' title='bbox 1089 3997 1256 4064; x_wconf 71' lang='lat' dir='ltr'>prefatorum</span> <span class='ocrx_word' id='word_1_411' title='bbox 1309 3980 1359 4044; x_wconf 92' lang='lat' dir='ltr'>nis</span> <span class='ocrx_word' id='word_1_412' title='bbox 1385 3979 1506 4074; x_wconf 89' lang='lat' dir='ltr'>eisdem</span> <span class='ocrx_word' id='word_1_413' title='bbox 1531 4003 1641 4046; x_wconf 91' lang='lat' dir='ltr'>coram</span> <span class='ocrx_word' id='word_1_414' title='bbox 1666 3981 1851 4068; x_wconf 84' lang='lat' dir='ltr'>ordinariis,</span> <span class='ocrx_word' id='word_1_415' title='bbox 1878 3983 2116 4049; x_wconf 84' lang='lat' dir='ltr'>archidiaconis</span> <span class='ocrx_word' id='word_1_416' title='bbox 2142 4001 2194 4046; x_wconf 90' lang='lat' dir='ltr'>seu</span> 
     </span>
     <span class='ocr_line' id='line_1_54' title="bbox 366 4090 2194 4178; baseline 0.004 -27"><span class='ocrx_word' id='word_1_417' title='bbox 366 4099 527 4155; x_wconf 76' lang='lat' dir='ltr'>ancmntate</span> <span class='ocrx_word' id='word_1_418' title='bbox 545 4107 621 4156; x_wconf 71' lang='lat' dir='ltr'>exne</span> <span class='ocrx_word' id='word_1_419' title='bbox 633 4101 732 4156; x_wconf 72' lang='lat' dir='ltr'>menn</span> <span class='ocrx_word' id='word_1_420' title='bbox 750 4102 858 4174; x_wconf 80' lang='lat' dir='ltr'>opidum</span> <span class='ocrx_word' id='word_1_421' title='bbox 875 4105 1008 4160; x_wconf 74' lang='lat' dir='ltr'>conveniri</span> <span class='ocrx_word' id='word_1_422' title='bbox 1024 4109 1066 4162; x_wconf 90' lang='lat' dir='ltr'>vel</span> <span class='ocrx_word' id='word_1_423' title='bbox 1085 4109 1162 4178; x_wconf 78' lang='lat' dir='ltr'>uati,</span> <span class='ocrx_word' id='word_1_424' title='bbox 1181 4099 1254 4165; x_wconf 74' lang='lat' dir='ltr'>nnn.</span> <span class='ocrx_word' id='word_1_425' title='bbox 1309 4090 1497 4156; x_wconf 87' lang='lat' dir='ltr'>0fficialibus</span> <span class='ocrx_word' id='word_1_426' title='bbox 1510 4093 1665 4175; x_wconf 89' lang='lat' dir='ltr'>predictis</span> <span class='ocrx_word' id='word_1_427' title='bbox 1679 4095 1713 4160; x_wconf 93' lang='lat' dir='ltr'>in</span> <span class='ocrx_word' id='word_1_428' title='bbox 1726 4095 1910 4161; x_wconf 87' lang='lat' dir='ltr'>civitatibus</span> <span class='ocrx_word' id='word_1_429' title='bbox 1921 4095 2097 4162; x_wconf 86' lang='lat' dir='ltr'>antedictis</span> <span class='ocrx_word' id='word_1_430' title='bbox 2111 4101 2194 4159; x_wconf 86' lang='lat' dir='ltr'>stare</span> 
     </span>
     <span class='ocr_line' id='line_1_55' title="bbox 365 4202 2195 4291; baseline 0.004 -26"><span class='ocrx_word' id='word_1_431' title='bbox 365 4211 445 4267; x_wconf 88' lang='lat' dir='ltr'>modo</span> <span class='ocrx_word' id='word_1_432' title='bbox 468 4211 538 4267; x_wconf 80' lang='lat' dir='ltr'>inim</span> <span class='ocrx_word' id='word_1_433' title='bbox 553 4207 653 4284; x_wconf 75' lang='lat' dir='ltr'>&#39;ipsum‘</span> <span class='ocrx_word' id='word_1_434' title='bbox 667 4213 776 4283; x_wconf 89' lang='lat' dir='ltr'>opidum</span> <span class='ocrx_word' id='word_1_435' title='bbox 799 4217 983 4289; x_wconf 88' lang='lat' dir='ltr'>proconsules,</span> <span class='ocrx_word' id='word_1_436' title='bbox 1000 4221 1132 4290; x_wconf 86' lang='lat' dir='ltr'>consules,</span> <span class='ocrx_word' id='word_1_437' title='bbox 1149 4221 1254 4276; x_wconf 83' lang='lat' dir='ltr'>univer·</span> <span class='ocrx_word' id='word_1_438' title='bbox 1302 4202 1381 4284; x_wconf 86' lang='lat' dir='ltr'>juri.</span> <span class='ocrx_word' id='word_1_439' title='bbox 1393 4205 1427 4267; x_wconf 90' lang='lat' dir='ltr'>in</span> <span class='ocrx_word' id='word_1_440' title='bbox 1446 4204 1575 4270; x_wconf 80' lang='lat' dir='ltr'>casibus</span> <span class='ocrx_word' id='word_1_441' title='bbox 1599 4227 1656 4270; x_wconf 89' lang='lat' dir='ltr'>seu</span> <span class='ocrx_word' id='word_1_442' title='bbox 1680 4207 1786 4272; x_wconf 83' lang='lat' dir='ltr'>causis</span> <span class='ocrx_word' id='word_1_443' title='bbox 1804 4207 2007 4273; x_wconf 69' lang='lat' dir='ltr'>antedictisz&#39;</span> <span class='ocrx_word' id='word_1_444' title='bbox 2021 4229 2082 4291; x_wconf 88' lang='lat' dir='ltr'>pro</span> <span class='ocrx_word' id='word_1_445' title='bbox 2105 4209 2195 4290; x_wconf 71' lang='lat' dir='ltr'>purte</span> 
     </span>
     <span class='ocr_line' id='line_1_56' title="bbox 366 4314 2270 4406; baseline 0.001 -27"><span class='ocrx_word' id='word_1_446' title='bbox 366 4323 432 4378; x_wconf 86' lang='lat' dir='ltr'>sitas</span> <span class='ocrx_word' id='word_1_447' title='bbox 458 4330 485 4379; x_wconf 89' lang='lat' dir='ltr'>et</span> <span class='ocrx_word' id='word_1_448' title='bbox 508 4329 623 4394; x_wconf 86' lang='lat' dir='ltr'>persone·</span> <span class='ocrx_word' id='word_1_449' title='bbox 647 4326 801 4395; x_wconf 73' lang='lat' dir='ltr'>hnjusnodi</span> <span class='ocrx_word' id='word_1_450' title='bbox 825 4329 915 4383; x_wconf 84' lang='lat' dir='ltr'>essent</span> <span class='ocrx_word' id='word_1_451' title='bbox 936 4330 1025 4398; x_wconf 84' lang='lat' dir='ltr'>parati</span> <span class='ocrx_word' id='word_1_452' title='bbox 1047 4331 1081 4386; x_wconf 86' lang='lat' dir='ltr'>de</span> <span class='ocrx_word' id='word_1_453' title='bbox 1103 4333 1169 4401; x_wconf 83' lang='lat' dir='ltr'>ipsis</span> <span class='ocrx_word' id='word_1_454' title='bbox 1192 4349 1254 4388; x_wconf 84' lang='lat' dir='ltr'>con·</span> <span class='ocrx_word' id='word_1_455' title='bbox 1307 4314 1468 4380; x_wconf 85' lang='lat' dir='ltr'>dictorum</span> <span class='ocrx_word' id='word_1_456' title='bbox 1485 4317 1723 4399; x_wconf 90' lang='lat' dir='ltr'>proconsulum,</span> <span class='ocrx_word' id='word_1_457' title='bbox 1738 4319 1905 4384; x_wconf 81' lang='lat' dir='ltr'>consilum</span> <span class='ocrx_word' id='word_1_458' title='bbox 1920 4325 1955 4384; x_wconf 91' lang='lat' dir='ltr'>et</span> <span class='ocrx_word' id='word_1_459' title='bbox 1967 4317 2194 4394; x_wconf 86' lang='lat' dir='ltr'>universitatis,</span> <span class='ocrx_word' id='word_1_460' title='bbox 2267 4399 2270 4406; x_wconf 25' lang='grc' dir='ltr'><strong><em>Ι</em></strong></span> 
     </span>
     <span class='ocr_line' id='line_1_57' title="bbox 366 4420 2195 4515; baseline -0.001 -22"><span class='ocrx_word' id='word_1_461' title='bbox 366 4435 538 4502; x_wconf 84' lang='lat' dir='ltr'>querentibus</span> <span class='ocrx_word' id='word_1_462' title='bbox 556 4437 681 4492; x_wconf 79' lang='lat' dir='ltr'>exhibere</span> <span class='ocrx_word' id='word_1_463' title='bbox 695 4438 803 4507; x_wconf 83' lang='lat' dir='ltr'>jmtieie</span> <span class='ocrx_word' id='word_1_464' title='bbox 820 4442 1040 4511; x_wconf 78' lang='lat' dir='ltr'>complementum</span> <span class='ocrx_word' id='word_1_465' title='bbox 1057 4457 1148 4498; x_wconf 82' lang='lat' dir='ltr'>coram</span> <span class='ocrx_word' id='word_1_466' title='bbox 1163 4443 1254 4512; x_wconf 73' lang='lat' dir='ltr'>jndice</span> <span class='ocrx_word' id='word_1_467' title='bbox 1306 4420 1526 4493; x_wconf 80' lang='lat' dir='ltr'>asserenciirm</span> <span class='ocrx_word' id='word_1_468' title='bbox 1544 4429 1632 4512; x_wconf 91' lang='lat' dir='ltr'>quod</span> <span class='ocrx_word' id='word_1_469' title='bbox 1652 4430 1715 4512; x_wconf 91' lang='lat' dir='ltr'>ipsi</span> <span class='ocrx_word' id='word_1_470' title='bbox 1733 4436 1767 4494; x_wconf 89' lang='lat' dir='ltr'>et</span> <span class='ocrx_word' id='word_1_471' title='bbox 1789 4445 1927 4514; x_wconf 86' lang='lat' dir='ltr'>persons</span> <span class='ocrx_word' id='word_1_472' title='bbox 1952 4429 2141 4515; x_wconf 87' lang='lat' dir='ltr'>hujusmodi</span> <span class='ocrx_word' id='word_1_473' title='bbox 2150 4429 2195 4493; x_wconf 87' lang='lat' dir='ltr'>de</span> 
     </span>
     <span class='ocr_line' id='line_1_58' title="bbox 365 4527 2194 4627; baseline 0.001 -27"><span class='ocrx_word' id='word_1_474' title='bbox 365 4548 535 4619; x_wconf 80' lang='lat' dir='ltr'>competent,</span> <span class='ocrx_word' id='word_1_475' title='bbox 558 4539 683 4604; x_wconf 91' lang='lat' dir='ltr'>dilectis</span> <span class='ocrx_word' id='word_1_476' title='bbox 701 4538 775 4605; x_wconf 88' lang='lat' dir='ltr'>filiis</span> <span class='ocrx_word' id='word_1_477' title='bbox 794 4540 931 4607; x_wconf 80' lang='lat' dir='ltr'>abbete⁸</span> <span class='ocrx_word' id='word_1_478' title='bbox 953 4527 1142 4609; x_wconf 85' lang='lat' dir='ltr'>monasterii</span> <span class='ocrx_word' id='word_1_479' title='bbox 1160 4566 1253 4611; x_wconf 88' lang='lat' dir='ltr'>sanc·</span> <span class='ocrx_word' id='word_1_480' title='bbox 1309 4557 1344 4602; x_wconf 91' lang='lat' dir='ltr'>se</span> <span class='ocrx_word' id='word_1_481' title='bbox 1363 4540 1636 4622; x_wconf 88' lang='lat' dir='ltr'>conquerentibus</span> <span class='ocrx_word' id='word_1_482' title='bbox 1659 4563 1720 4624; x_wconf 92' lang='lat' dir='ltr'>pro</span> <span class='ocrx_word' id='word_1_483' title='bbox 1737 4545 1884 4627; x_wconf 87' lang='lat' dir='ltr'>tempore</span> <span class='ocrx_word' id='word_1_484' title='bbox 1901 4541 1986 4608; x_wconf 68' lang='lat' dir='ltr'>iuba</span> <span class='ocrx_word' id='word_1_485' title='bbox 2004 4544 2111 4626; x_wconf 90' lang='lat' dir='ltr'>ipsum</span> <span class='ocrx_word' id='word_1_486' title='bbox 2130 4541 2194 4623; x_wconf 57' lang='lat' dir='ltr'>cpia</span> 
     </span>
     <span class='ocr_line' id='line_1_59' title="bbox 365 4647 2195 4738; baseline 0.005 -27"><span class='ocrx_word' id='word_1_487' title='bbox 365 4647 392 4712; x_wconf 92' lang='lat' dir='ltr'>ti</span> <span class='ocrx_word' id='word_1_488' title='bbox 409 4648 515 4732; x_wconf 88' lang='lat' dir='ltr'>Egidii</span> <span class='ocrx_word' id='word_1_489' title='bbox 537 4656 572 4716; x_wconf 89' lang='lat' dir='ltr'>et</span> <span class='ocrx_word' id='word_1_490' title='bbox 589 4651 712 4717; x_wconf 87' lang='lat' dir='ltr'>decano</span> <span class='ocrx_word' id='word_1_491' title='bbox 737 4653 871 4718; x_wconf 88' lang='lat' dir='ltr'>ecclesie</span> <span class='ocrx_word' id='word_1_492' title='bbox 897 4655 1003 4720; x_wconf 90' lang='lat' dir='ltr'>sancti</span> <span class='ocrx_word' id='word_1_493' title='bbox 1019 4655 1119 4721; x_wconf 92' lang='lat' dir='ltr'>Blasii</span> <span class='ocrx_word' id='word_1_494' title='bbox 1136 4657 1255 4723; x_wconf 86' lang='lat' dir='ltr'>Bruns-</span> <span class='ocrx_word' id='word_1_495' title='bbox 1309 4649 1385 4714; x_wconf 79' lang='lat' dir='ltr'>dum</span> <span class='ocrx_word' id='word_1_496' title='bbox 1403 4651 1470 4734; x_wconf 80' lang='lat' dir='ltr'>juri</span> <span class='ocrx_word' id='word_1_497' title='bbox 1497 4657 1534 4716; x_wconf 81' lang='lat' dir='ltr'>ut</span> <span class='ocrx_word' id='word_1_498' title='bbox 1561 4651 1725 4735; x_wconf 81' lang='lat' dir='ltr'>prefertur</span> <span class='ocrx_word' id='word_1_499' title='bbox 1754 4656 1819 4720; x_wconf 83' lang='lat' dir='ltr'>sint</span> <span class='ocrx_word' id='word_1_500' title='bbox 1842 4661 1930 4720; x_wconf 88' lang='lat' dir='ltr'>stare</span> <span class='ocrx_word' id='word_1_501' title='bbox 1954 4655 2080 4738; x_wconf 83' lang='lat' dir='ltr'>parati,</span> <span class='ocrx_word' id='word_1_502' title='bbox 2105 4652 2195 4718; x_wconf 83' lang='lat' dir='ltr'>nobis</span> 
     </span>
     <span class='ocr_line' id='line_1_60' title="bbox 365 4759 2194 4848; baseline 0.009 -26"><span class='ocrx_word' id='word_1_503' title='bbox 365 4759 549 4824; x_wconf 78' lang='lat' dir='ltr'>nicensium</span> <span class='ocrx_word' id='word_1_504' title='bbox 562 4761 723 4829; x_wconf 89' lang='lat' dir='ltr'>dictarum</span> <span class='ocrx_word' id='word_1_505' title='bbox 735 4764 816 4830; x_wconf 90' lang='lat' dir='ltr'>dioc.</span> <span class='ocrx_word' id='word_1_506' title='bbox 836 4765 1065 4833; x_wconf 84' lang='lat' dir='ltr'>executoribus</span> <span class='ocrx_word' id='word_1_507' title='bbox 1079 4768 1255 4840; x_wconf 89' lang='lat' dir='ltr'>earundem</span> <span class='ocrx_word' id='word_1_508' title='bbox 1308 4761 1369 4827; x_wconf 75' lang='lat' dir='ltr'>fuit</span> <span class='ocrx_word' id='word_1_509' title='bbox 1391 4763 1554 4829; x_wconf 71' lang='lat' dir='ltr'>humiliter</span> <span class='ocrx_word' id='word_1_510' title='bbox 1575 4765 1806 4848; x_wconf 71' lang='lat' dir='ltr'>supplicatum,</span> <span class='ocrx_word' id='word_1_511' title='bbox 1826 4771 1864 4829; x_wconf 75' lang='grc'>111</span> <span class='ocrx_word' id='word_1_512' title='bbox 1886 4785 1952 4832; x_wconf 85' lang='grc'>11011</span> <span class='ocrx_word' id='word_1_513' title='bbox 1970 4769 2125 4833; x_wconf 64' lang='lat' dir='ltr'>obstante</span> <span class='ocrx_word' id='word_1_514' title='bbox 2145 4785 2194 4829; x_wconf 69' lang='lat' dir='ltr'>re·</span> 
     </span>
     <span class='ocr_line' id='line_1_61' title="bbox 367 4869 2194 4963; baseline 0.003 -29"><span class='ocrx_word' id='word_1_515' title='bbox 367 4869 535 4936; x_wconf 88' lang='lat' dir='ltr'>literarum</span> <span class='ocrx_word' id='word_1_516' title='bbox 552 4893 611 4956; x_wconf 88' lang='lat' dir='ltr'>per</span> <span class='ocrx_word' id='word_1_517' title='bbox 629 4873 710 4940; x_wconf 91' lang='lat' dir='ltr'>alias</span> <span class='ocrx_word' id='word_1_518' title='bbox 728 4882 857 4942; x_wconf 89' lang='lat' dir='ltr'>nostras</span> <span class='ocrx_word' id='word_1_519' title='bbox 874 4877 988 4944; x_wconf 88' lang='lat' dir='ltr'>literas</span> <span class='ocrx_word' id='word_1_520' title='bbox 1007 4879 1182 4963; x_wconf 85' lang='lat' dir='ltr'>deputatis.</span> <span class='ocrx_word' id='word_1_521' title='bbox 1210 4881 1254 4946; x_wconf 87' lang='lat' dir='ltr'>Et</span> <span class='ocrx_word' id='word_1_522' title='bbox 1305 4877 1478 4940; x_wconf 90' lang='lat' dir='ltr'>vocacione</span> <span class='ocrx_word' id='word_1_523' title='bbox 1495 4875 1644 4960; x_wconf 90' lang='lat' dir='ltr'>predicta</span> <span class='ocrx_word' id='word_1_524' title='bbox 1660 4877 1831 4960; x_wconf 89' lang='lat' dir='ltr'>providere</span> <span class='ocrx_word' id='word_1_525' title='bbox 1848 4879 1928 4961; x_wconf 92' lang='lat' dir='ltr'>ipsis</span> <span class='ocrx_word' id='word_1_526' title='bbox 1947 4893 2045 4962; x_wconf 90' lang='lat' dir='ltr'>super</span> <span class='ocrx_word' id='word_1_527' title='bbox 2061 4877 2194 4962; x_wconf 91' lang='lat' dir='ltr'>premis·</span> 
     </span>
     <span class='ocr_line' id='line_1_62' title="bbox 368 4981 2195 5075; baseline 0.003 -29"><span class='ocrx_word' id='word_1_528' title='bbox 368 4981 605 5067; x_wconf 88' lang='lat' dir='ltr'>subsequenter</span> <span class='ocrx_word' id='word_1_529' title='bbox 633 5007 694 5068; x_wconf 89' lang='lat' dir='ltr'>per</span> <span class='ocrx_word' id='word_1_530' title='bbox 716 5007 777 5056; x_wconf 88' lang='lat' dir='ltr'>nos</span> <span class='ocrx_word' id='word_1_531' title='bbox 805 4995 955 5074; x_wconf 81' lang='lat' dir='ltr'>accepto,</span> <span class='ocrx_word' id='word_1_532' title='bbox 980 4989 1069 5075; x_wconf 89' lang='lat' dir='ltr'>qnod</span> <span class='ocrx_word' id='word_1_533' title='bbox 1091 4991 1254 5058; x_wconf 87' lang='lat' dir='ltr'>indultum</span> <span class='ocrx_word' id='word_1_534' title='bbox 1307 4989 1352 5054; x_wconf 89' lang='lat' dir='ltr'>sis</span> <span class='ocrx_word' id='word_1_535' title='bbox 1371 4985 1412 5052; x_wconf 90' lang='lat' dir='ltr'>de</span> <span class='ocrx_word' id='word_1_536' title='bbox 1431 4994 1592 5072; x_wconf 89' lang='lat' dir='ltr'>oportuno</span> <span class='ocrx_word' id='word_1_537' title='bbox 1614 4988 1757 5056; x_wconf 88' lang='lat' dir='ltr'>remedio</span> <span class='ocrx_word' id='word_1_538' title='bbox 1777 4989 1818 5055; x_wconf 92' lang='lat' dir='ltr'>de</span> <span class='ocrx_word' id='word_1_539' title='bbox 1841 4990 2045 5072; x_wconf 79' lang='lat' dir='ltr'>benignitate</span> <span class='ocrx_word' id='word_1_540' title='bbox 2063 4993 2195 5074; x_wconf 86' lang='lat' dir='ltr'>aposto-</span> 
     </span>
     <span class='ocr_line' id='line_1_63' title="bbox 367 5092 2194 5187; baseline 0.004 -30"><span class='ocrx_word' id='word_1_541' title='bbox 367 5092 551 5177; x_wconf 89' lang='lat' dir='ltr'>hujnsmodi</span> <span class='ocrx_word' id='word_1_542' title='bbox 568 5096 602 5161; x_wconf 90' lang='lat' dir='ltr'>in</span> <span class='ocrx_word' id='word_1_543' title='bbox 619 5117 685 5164; x_wconf 91' lang='lat' dir='ltr'>non</span> <span class='ocrx_word' id='word_1_544' title='bbox 706 5099 868 5166; x_wconf 90' lang='lat' dir='ltr'>modicum</span> <span class='ocrx_word' id='word_1_545' title='bbox 884 5102 1097 5187; x_wconf 89' lang='lat' dir='ltr'>prejudicium</span> <span class='ocrx_word' id='word_1_546' title='bbox 1119 5123 1253 5170; x_wconf 89' lang='lat' dir='ltr'>venera-</span> <span class='ocrx_word' id='word_1_547' title='bbox 1306 5099 1369 5165; x_wconf 92' lang='lat' dir='ltr'>lica</span> <span class='ocrx_word' id='word_1_548' title='bbox 1394 5099 1608 5184; x_wconf 88' lang='lat' dir='ltr'>dignaremur.</span> <span class='ocrx_word' id='word_1_549' title='bbox 1642 5100 1709 5167; x_wconf 89' lang='lat' dir='ltr'>Nos</span> <span class='ocrx_word' id='word_1_550' title='bbox 1731 5103 1843 5184; x_wconf 89' lang='lat' dir='ltr'>itaque</span> <span class='ocrx_word' id='word_1_551' title='bbox 1865 5100 2030 5185; x_wconf 91' lang='lat' dir='ltr'>predictos</span> <span class='ocrx_word' id='word_1_552' title='bbox 2057 5093 2194 5184; x_wconf 78' lang='lat' dir='ltr'>pincon-</span> 
     </span>
     <span class='ocr_line' id='line_1_64' title="bbox 366 5199 2193 5293; baseline 0.002 -21"><span class='ocrx_word' id='word_1_553' title='bbox 366 5205 479 5272; x_wconf 90' lang='lat' dir='ltr'>bilium</span> <span class='ocrx_word' id='word_1_554' title='bbox 512 5205 650 5274; x_wconf 84' lang='lat' dir='ltr'>fratrum</span> <span class='ocrx_word' id='word_1_555' title='bbox 683 5215 869 5278; x_wconf 88' lang='lat' dir='ltr'>nostrorum</span> <span class='ocrx_word' id='word_1_556' title='bbox 900 5213 1187 5282; x_wconf 86' lang='lat' dir='ltr'>Halberstadensis</span> <span class='ocrx_word' id='word_1_557' title='bbox 1219 5219 1254 5280; x_wconf 90' lang='lat' dir='ltr'>et</span> <span class='ocrx_word' id='word_1_558' title='bbox 1309 5199 1411 5290; x_wconf 85' lang='lat' dir='ltr'>suisa,</span> <span class='ocrx_word' id='word_1_559' title='bbox 1430 5212 1579 5278; x_wconf 90' lang='lat' dir='ltr'>consules</span> <span class='ocrx_word' id='word_1_560' title='bbox 1604 5232 1644 5278; x_wconf 90' lang='lat' dir='ltr'>ac</span> <span class='ocrx_word' id='word_1_561' title='bbox 1665 5213 1928 5293; x_wconf 85' lang='lat' dir='ltr'>universitatem,</span> <span class='ocrx_word' id='word_1_562' title='bbox 1946 5219 1984 5279; x_wconf 89' lang='lat' dir='ltr'>ut</span> <span class='ocrx_word' id='word_1_563' title='bbox 2000 5233 2116 5279; x_wconf 88' lang='lat' dir='ltr'>eorum</span> <span class='ocrx_word' id='word_1_564' title='bbox 2140 5211 2193 5276; x_wconf 89' lang='lat' dir='ltr'>de-</span> 
     </span>
     <span class='ocr_line' id='line_1_65' title="bbox 365 5315 2194 5409; baseline 0.003 -25"><span class='ocrx_word' id='word_1_565' title='bbox 365 5315 621 5398; x_wconf 73' lang='lat' dir='ltr'>Hildesemensis,</span> <span class='ocrx_word' id='word_1_566' title='bbox 647 5322 873 5406; x_wconf 88' lang='lat' dir='ltr'>episcoporum</span> <span class='ocrx_word' id='word_1_567' title='bbox 900 5333 933 5391; x_wconf 88' lang='lat' dir='ltr'>et</span> <span class='ocrx_word' id='word_1_568' title='bbox 956 5325 1147 5393; x_wconf 89' lang='lat' dir='ltr'>dilectorum</span> <span class='ocrx_word' id='word_1_569' title='bbox 1169 5325 1250 5392; x_wconf 84' lang='lat' dir='ltr'>filio·</span> <span class='ocrx_word' id='word_1_570' title='bbox 1303 5324 1395 5390; x_wconf 91' lang='lat' dir='ltr'>vocio</span> <span class='ocrx_word' id='word_1_571' title='bbox 1413 5323 1596 5409; x_wconf 89' lang='lat' dir='ltr'>hujusmodi</span> <span class='ocrx_word' id='word_1_572' title='bbox 1610 5343 1688 5409; x_wconf 90' lang='lat' dir='ltr'>erga</span> <span class='ocrx_word' id='word_1_573' title='bbox 1705 5344 1765 5389; x_wconf 82' lang='lat' dir='ltr'>ros</span> <span class='ocrx_word' id='word_1_574' title='bbox 1778 5328 1812 5390; x_wconf 88' lang='lat' dir='ltr'>et</span> <span class='ocrx_word' id='word_1_575' title='bbox 1827 5324 2007 5408; x_wconf 88' lang='lat' dir='ltr'>predictam</span> <span class='ocrx_word' id='word_1_576' title='bbox 2027 5344 2194 5391; x_wconf 90' lang='lat' dir='ltr'>romanam</span> 
     </span>
    </p>
   </div>
   <div class='ocr_carea' id='block_1_5' title="bbox 613 5465 775 5474">
    <p class='ocr_par' dir='ltr' id='par_1_5' title="bbox 613 5465 775 5474">
     <span class='ocr_line' id='line_1_66' title="bbox 613 5465 775 5474; baseline 0.025 -4"><span class='ocrx_word' id='word_1_577' title='bbox 613 5465 775 5474; x_wconf 49' lang='lat' dir='ltr'>...Q</span> 
     </span>
    </p>
   </div>
   <div class='ocr_carea' id='block_1_6' title="bbox 332 5501 2193 5615">
    <p class='ocr_par' dir='ltr' id='par_1_6' title="bbox 332 5501 2193 5615">
     <span class='ocr_line' id='line_1_67' title="bbox 332 5501 2193 5615; baseline 0.003 -19"><span class='ocrx_word' id='word_1_578' title='bbox 332 5541 341 5550; x_wconf 86' lang='lat'><strong>&#39;</strong></span> <span class='ocrx_word' id='word_1_579' title='bbox 365 5543 394 5608; x_wconf 82' lang='lat'>1)</span> <span class='ocrx_word' id='word_1_580' title='bbox 423 5543 503 5598; x_wconf 76' lang='lat' dir='ltr'>Feta</span> <span class='ocrx_word' id='word_1_581' title='bbox 520 5547 551 5598; x_wconf 83' lang='lat' dir='ltr'>t&#39;n</span> <span class='ocrx_word' id='word_1_582' title='bbox 569 5545 617 5599; x_wconf 87' lang='lat' dir='ltr'>der</span> <span class='ocrx_word' id='word_1_583' title='bbox 635 5545 793 5602; x_wconf 81' lang='lat' dir='ltr'>Handscbr.</span> <span class='ocrx_word' id='word_1_584' title='bbox 885 5501 1032 5614; x_wconf 65' lang='lat' dir='ltr'>¹il‘d&#39;tcttt</span> <span class='ocrx_word' id='word_1_585' title='bbox 1050 5567 1141 5606; x_wconf 87' lang='lat' dir='ltr'>earum</span> <span class='ocrx_word' id='word_1_586' title='bbox 1159 5551 1203 5606; x_wconf 87' lang='lat' dir='ltr'>vel</span> <span class='ocrx_word' id='word_1_587' title='bbox 1220 5550 1268 5604; x_wconf 82' lang='lat' dir='ltr'>bat</span> <span class='ocrx_word' id='word_1_588' title='bbox 1285 5547 1331 5604; x_wconf 81' lang='lat' dir='ltr'>die</span> <span class='ocrx_word' id='word_1_589' title='bbox 1349 5545 1505 5602; x_wconf 79' lang='lat' dir='ltr'>Handectr.</span> <span class='ocrx_word' id='word_1_590' title='bbox 1524 5559 1624 5602; x_wconf 67' lang='lat' dir='ltr'>eornm.</span> <span class='ocrx_word' id='word_1_591' title='bbox 1741 5546 1771 5615; x_wconf 76' lang='lat' dir='ltr'>d)</span> <span class='ocrx_word' id='word_1_592' title='bbox 1797 5547 1834 5602; x_wconf 83' lang='lat' dir='ltr'>Ire</span> <span class='ocrx_word' id='word_1_593' title='bbox 1852 5547 1901 5604; x_wconf 83' lang='lat' dir='ltr'>der</span> <span class='ocrx_word' id='word_1_594' title='bbox 1917 5547 2076 5604; x_wconf 79' lang='lat' dir='ltr'>Haadsebr.</span> <span class='ocrx_word' id='word_1_595' title='bbox 2094 5545 2193 5602; x_wconf 80' lang='lat' dir='ltr'>abbati</span> 
     </span>
    </p>
   </div>
   <div class='ocr_carea' id='block_1_7' title="bbox 0 0 2402 6242">
    <p class='ocr_par' dir='ltr' id='par_1_7' title="bbox 0 0 2402 6242">
     <span class='ocr_line' id='line_1_68' title="bbox 0 0 2402 6242; baseline 0 0"><span class='ocrx_word' id='word_1_596' title='bbox 0 0 2402 6242; x_wconf 95' lang='lat' dir='ltr'> </span> 
     </span>
    </p>
   </div>
  </div>
 </body>
</html>
